2872 4946
691 463 912 526 ..10-

271 658 386 705 mann.
410 639 603 725 suspicatur
617 640 677 706 vit.
694 640 728 705 X
743 661 810 706 orr.
824 640 934 726 praef.
952 638 1008 722 11)
1035 644 1093 702 aut
1108 639 1194 703 alius
1218 639 1335 704 cuius·

278 755 356 820 dam
380 755 512 840 scriptis
537 755 734 842 deprompta
757 757 903 822 fortasse
926 754 1061 840 saepius
1087 754 1161 840 ipsa
1176 753 1336 840 adposuit

273 871 331 956 (fr.
355 870 401 954 4).
448 869 527 934 Non
550 890 661 956 pauca
684 891 767 936 vero
789 871 900 937 minus
929 869 1030 934 certis
1059 869 1258 934 testimoniis
1283 869 1337 932 ni·

273 1007 331 1052 sus
357 986 555 1051 coniciendo
580 1007 684 1052 ausus
711 1007 786 1052 esse
809 987 957 1071 videtur,
981 1009 1049 1074 quo
1074 1006 1119 1052 ex
1141 1005 1268 1071 genere
1292 1006 1333 1049 ea

273 1107 364 1183 sunt,
389 1121 476 1186 quae
500 1101 543 1166 de
566 1100 779 1186 Antiphonte
800 1102 1010 1190 Thucydidis
1036 1103 1093 1188 (fr.
1115 1102 1160 1186 1),
1183 1101 1225 1165 de
1244 1099 1335 1165 Leo·

275 1216 435 1281 demente
466 1215 646 1282 Aeschinis
678 1218 839 1302 magistro
868 1218 926 1302 (lr.
958 1218 1014 1302 12)
1045 1217 1226 1301 iudicavit3
1257 1235 1335 1280 nam

276 1331 364 1396 illud
388 1331 524 1416 quidem
547 1333 699 1417 quamvis
725 1353 745 1398 a
767 1333 839 1398 veri
862 1329 1085 1398 similitudine
1117 1352 1186 1396 non
1210 1330 1333 1396 abhor-

273 1453 359 1529 reat,
381 1453 495 1512 tamen
510 1468 578 1511 non
596 1447 661 1512 nisi
678 1468 722 1513 ex
739 1448 898 1514 laudibus
917 1449 1073 1531 coniecit,
1096 1447 1219 1533 quibus
1241 1445 1335 1510 Thu·

273 1563 414 1650 cydides
444 1563 549 1646 VIII,
581 1566 622 1628 68
658 1570 826 1630 oratorem
858 1566 957 1630 effert
996 1566 1058 1650 (cf.
1086 1563 1233 1649 Krdger.
1262 1563 1334 1628 rita

278 1677 387 1743 Thuc.
411 1678 576 1762 33—37);
608 1679 829 1765 similiterque
853 1680 993 1746 alterius
1018 1680 1232 1746 coniecturae
1256 1678 1333 1742 Ion·

271 1800 341 1860 tem
368 1794 653 1862 Westermannus
685 1796 788 1880 (ibid.
815 1817 894 1883 pag.
924 1801 943 1862 8
971 1803 1041 1862 not.
1067 1796 1127 1880 19)
1157 1796 1272 1859 locum
1298 1795 1334 1859 in

272 1908 453 1976 Aeschinis
479 1911 631 1976 oratione
655 1931 684 1976 c.
709 1911 800 1977 Otes.
829 1913 857 1996 ξ.
888 1914 951 1977 138
984 1933 1058 1978 esse
1086 1911 1256 1998 sagaciter
1282 1911 1334 1975 in·

272 2025 470 2111 vestigavit,
501 2027 562 2092 ubi
600 2026 789 2093 Aeschines
820 2027 1064 2094 Leodamantis
1101 2028 1333 2116 eloquentiam

271 2141 379 2228 ipsius
400 2141 640 2208 Demosthenis
664 2143 780 2208 virtuti
805 2143 984 2229 adaequat,
1009 2143 1091 2228 quin
1114 2145 1214 2209 etiam
1233 2165 1335 2230 prop-

275 2263 329 2323 ter
352 2258 553 2323 suavitatem
568 2243 662 2322 illam
683 2257 842 2342 praefert.
889 2256 1019 2322 Verum
1043 2259 1130 2322 enim
1154 2279 1235 2322 vero
1259 2265 1334 2323 tan·

277 2379 350 2439 tum
374 2371 501 2437 Caecili
523 2371 685 2436 iudicium
710 2371 802 2456 apud
824 2378 980 2456 posteros
1004 2372 1127 2453 valuit,
1158 2379 1214 2454 ut,
1242 2374 1335 2457 quod

275 2488 338 2553 ille
362 2487 465 2554 modo
490 2487 682 2552 coniecerat
706 2485 748 2550 dc
772 2484 982 2571 Antiphonte
1007 2493 1040 2550 ct
1064 2485 1277 2573 Thucydide,
1300 2487 1335 2551 id

278 2602 507 2688 Hermogenis
536 2600 672 2685 quidem
703 2606 813 2666 aetate
844 2601 917 2666 fere
957 2620 1072 2666 omnes
1108 2622 1227 2667 verum
1259 2621 1335 2666 esse

279 2717 460 2783 crederent
484 2716 661 2802 (Hermog.
673 2739 704 2781 π.
723 2717 760 2782 ll.
773 2716 810 2779 II
827 2739 899 2804 cap.
919 2718 958 2780 11
977 2716 1020 2780 de
1037 2715 1205 2801 Antiph.).
1240 2715 1335 2790 Quae

280 2834 392 2900 omnia
415 2833 645 2898 consideranti
668 2855 688 2897 a
710 2853 791 2899 vero
814 2832 908 2899 haud
934 2832 1120 2898 abhorrere
1142 2833 1223 2896 mihi
1241 2832 1336 2898 vide·

281 2954 356 3031 tur,
387 2967 552 3014 canonem
582 2948 679 3014 illum
712 2948 830 3013 decem
859 2955 1029 3013 oratorum
1054 2970 1073 3012 a
1098 2947 1245 3012 Caecilio
1268 2949 1334 3035 pri·

279 3084 372 3129 mum
396 3064 618 3128 constitutum
642 3083 717 3128 esse
747 3068 780 3127 et
810 3062 909 3127 huius
941 3063 1046 3148 ipsius
1077 3062 1166 3144 libri,
1197 3063 1239 3126 de
1268 3084 1334 3148 quo

283 3180 426 3266 agimus,
450 3178 654 3244 auctoritate
676 3198 758 3241 mox
780 3177 816 3241 in
833 3179 980 3242 omnium
996 3177 1211 3262 oraehiisse3
1235 3200 1335 3264 quam

276 3315 348 3360 rem
363 3293 512 3358 Meierus
525 3294 560 3357 in
574 3293 713 3380 egregia
732 3293 1014 3357 commentatione
1038 3293 1080 3357 de
1099 3291 1232 3357 Andoc.
1250 3301 1334 3359 orat.

278 3429 308 3474 e.
325 3408 401 3474 Alc.
428 3415 550 3494 quarta
573 3407 697 3493 Opusc.
721 3405 739 3470 I
761 3428 839 3495 pag.
864 3410 1015 3472 120-42
1038 3406 1152 3472 multis
1173 3407 1335 3472 librorum

278 3524 480 3588 testimoniis
507 3523 699 3588 doctissime
721 3523 889 3608 probavit.

368 3636 435 3702 Sed
458 3637 493 3701 iu
515 3636 603 3702 illud
624 3623 736 3703 minus
754 3638 934 3724 diligenter
948 3637 1121 3722 inquisivit
1137 3637 1189 3702 vir
1205 3637 1336 3721 doctus,

278 3753 401 3838 quibus
427 3753 537 3818 causis
562 3759 596 3818 et
620 3754 769 3818 consiliis
793 3760 904 3820 motus
929 3752 1097 3818 Caecilius
1116 3753 1177 3818 hos
1200 3754 1335 3840 potissi-

275 3887 367 3932 mum
395 3868 513 3933 decem
549 3869 690 3955 elegerit
726 3875 759 3934 et
789 3891 810 3934 a
836 3869 976 3955 reliquis
1006 3869 1204 3955 segregarit.
1248 3869 1335 3934 Nam

277 3988 371 4047 recte
396 3983 532 4069 quidem
556 3983 636 4049 dicit
658 4005 735 4070 pag.
761 3986 824 4048 140
847 4005 950 4050 unam
978 3985 1159 4049 oratoriam
1186 3984 1335 4050 indolem

282 4117 397 4183 neque
420 4099 671 4185 grammaticam
694 4099 840 4185 aliquam
864 4099 1031 4164 rationem
1053 4105 1237 4185 spectatam
1261 4120 1335 4166 esse

277 4211 316 4278 in
352 4213 490 4280 delectu
527 4215 702 4298 faciendo,
741 4236 841 4301 quem
872 4215 1055 4290 admodum
1084 4221 1229 4281 venuste
1260 4236 1336 4280 cum
