2872 4946
606 1219 854 1302 Fragmenta
870 1207 906 1311 ¹).

313 1515 406 1605 Περὶ
437 1515 491 1585 τοῦ
513 1515 759 1605 χαρακτῆρος
782 1514 852 1584 τῶν
875 1518 965 1584 δέκα
987 1514 1202 1604 βητόρων.’)

587 1690 628 1756 l.
651 1690 692 1756 lle
715 1687 910 1772 tutelone.

314 1859 366 1922 Fr.
394 1860 421 1921 l.
445 1856 501 1920 vit.
524 1856 557 1920 X
583 1875 646 1921 orr.
673 1877 705 1940 γι.
730 1854 794 1920 832
817 1857 844 1921 Ε
871 1851 1032 1931 Καικίλιος
1053 1852 1086 1920 δὲ
1107 1854 1138 1919 ἐν
1159 1849 1203 1942 τῷ
1224 1849 1299 1938 περὶ

225 1966 317 2036 αὐτοῦ
341 1963 575 2055 (Ἀντιφῶντος)
599 1964 822 2053 σνντοίγμοιτιθ)
837 1967 1020 2035 Θουκυδίδου
1032 1963 1086 2034 τοῦ
1097 1968 1297 2054 σνγγραρέως

225 2076 374 2170 μαθητὴν
398 2076 599 2169 (nube-surdo
622 2084 703 2150 coni.
737 2084 983 2169 Wyttenbaeb.)
1012 2081 1211 2168 τεκμαόνεπαι
1239 2104 1291 2164 γε·

223 2198 342 2282 γονόνοιι
370 2195 402 2276 ἐξ
432 2187 474 2264 ὧν
500 2198 666 2264 ἐπαινεῖται
692 2193 759 2283 παρ’
792 2195 876 2286 αὐτῷ
904 2190 920 2263 ὁ
947 2193 1107 2283 Ἀντιφῶν.
1130 2191 1195 2262 ἔστι
1217 2194 1250 2261 δὲ
1264 2195 1293 2282 ⁴)

224 2312 255 2378 e
277 2319 342 2388 τοῖς
363 2309 461 2394 λόγοις
478 2306 606 2398 ἀκριβὴς
621 2308 676 2376 καὶ
693 2305 824 2388 πιὲνανός
838 2307 892 2376 καὶ
915 2304 1008 2388 δεινός
1024 2307 1091 2396 περὶ
1108 2303 1167 2395 τὴν
1182 2304 1297 2395 εὕρεσιν

224 2422 279 2491 καὶ
300 2427 331 2491 ἐν
352 2431 418 2502 τοῖς
439 2422 562 2512 ἀπόροις
582 2419 720 2510 τεχνικός
739 2421 795 2490 καὶ
816 2423 970 2511 ἐπιχειρῶν
992 2423 1025 2504 ἐξ
1044 2421 1156 2509 ἄδηλον
1173 2421 1228 2490 καὶ
1243 2421 1298 2490 ἐπὶ

124 2529 128 2540 ’
224 2533 296 2617 τοὺς
316 2537 425 2625 νόμους
444 2534 564 2606 καὶτὰ
585 2535 678 2624 uelim
700 2539 819 2625 τρέπων
840 2532 913 2616 τοὺς
931 2537 1045 2624 λόγους,
1067 2537 1120 2605 τοῦ
1131 2534 1299 2625 εὐπρεποῦς

225 2652 360 2740 μάλιστα
381 2652 609 2741 στοχαζόμενος.
643 2667 645 2672 ’

296 2839 316 2906 ¹)
335 2837 496 2894 Notandum
515 2841 561 2892 est
584 2852 634 2892 eos
654 2838 732 2892 solos
751 2837 838 2892 libros
858 2837 903 2892 lric
926 2837 1067 2893 recenseri
1085 2853 1102 2893 e
1120 2837 1221 2908 quibus
1240 2836 1297 2891 eli-

226 2926 293 2996 quid
316 2925 466 2981 memoriae
494 2925 627 2980 treditum
659 2929 716 2994 est;
745 2929 898 2980 ceterorum
927 2925 1024 2981 titulos
1057 2925 1086 2980 iu
1110 2926 1195 2995 priori
1212 2931 1298 2995 perte

225 3013 452 3070 enumeravimus.
495 3013 617 3069 llotulee
641 3013 714 3083 ipsis
737 3011 900 3083 fragmentis
926 3013 1055 3068 euieeue
1078 3029 1141 3069 cum
1163 3013 1218 3068 eliu
1234 3018 1297 3070 tum

225 3117 326 3158 csusss
346 3105 552 3171 exponentem
570 3101 682 3171 singule
699 3101 822 3158 Caecilio
840 3101 1084 3158 vindicaverimus.

298 3190 319 3254 ¹)
338 3189 462 3245 Titulum
481 3188 584 3244 Suidss
603 3189 691 3244 effert.

298 3280 319 3343 ⁸)
338 3277 398 3333 Hoc
417 3275 564 3348 σύνταγμα
586 3281 692 3332 utnon
710 3276 887 3348 singulariter
906 3277 942 3333 de
962 3278 1135 3348 Antiphonte
1160 3278 1296 3347 scriptum

225 3364 328 3434 fursee,
355 3365 407 3420 sed
424 3369 532 3433 purtem
550 3364 586 3419 de
605 3364 701 3420 decem
719 3365 876 3420 emtoribus
894 3366 957 3421 libri
982 3370 1084 3436 putem,
1110 3380 1144 3420 eo
1162 3365 1295 3435 adducor,

227 3453 309 3523 quod,
329 3466 510 3522 quaecunque
525 3451 583 3506 elie
595 3451 630 3507 ds
643 3451 819 3520 Antiphonte
830 3453 1013 3522 Pseudoplnt.
1034 3453 1187 3512 eceecilio
1204 3453 1295 3523 effert,

226 3540 342 3597 bulusce
361 3539 423 3594 libri
443 3540 565 3608 speciem
584 3555 652 3609 pres
671 3554 703 3595 se
720 3538 820 3596 ierunt.

298 3631 319 3692 ’γ
338 3630 400 3686 Non
419 3629 517 3685 obstet
534 3629 589 3685 hoc
608 3630 713 3688 caecili
738 3631 773 3686 de
793 3630 968 3700 Antiphonte
992 3631 1094 3686 iudicio
1119 3630 1161 3698 (fr.
1180 3632 1224 3700 ὁ),
1252 3629 1296 3684 ite

225 3723 258 3775 ut
274 3719 345 3774 benc
369 3718 462 3773 omnis
485 3718 618 3788 deinceps
645 3735 679 3774 ex
704 3719 824 3775 rhetoris
849 3719 922 3775 libro
947 3719 1096 3789 desumpta
1121 3734 1187 3775 esse
1210 3717 1295 3774 lucile

226 3807 406 3875 crediderim
431 3822 495 3861 nem
514 3806 589 3876 quod
608 3806 726 3863 Photlus
746 3807 808 3864 cod.
826 3809 879 3864 259
897 3808 955 3863 init.
975 3806 1019 3874 (fr.
1038 3810 1067 3876 5)
1091 3812 1236 3878 utrumque
1253 3807 1296 3861 iu·

227 3893 328 3950 dicium
346 3895 422 3950 eliud
440 3894 488 3949 elii
505 3909 650 3965 opponere
667 3895 786 3965 videtur,
805 3895 871 3951 nihil
885 3900 982 3951 contra
999 3911 1043 3950 ms
1054 3885 1144 3964 iecit}
1156 3893 1204 3952 illc
1221 3897 1296 3952 enim

228 3997 290 4037 cum
308 3981 589 4051 Pseudopluterchum
608 3981 784 4038 describeret
806 3997 862 4039 uon
886 3983 978 4055 msgis
1003 3998 1086 4053 quem
1109 3999 1160 4039 nos
1186 3983 1297 4039 sciebat

225 4068 314 4125 becco
326 4069 432 4126 Caecili
442 4069 533 4126 verbe
549 4075 646 4127 essent
663 4085 758 4128 necne.
788 4069 961 4140 Quemquam
973 4069 1009 4125 de
1021 4071 1074 4125 bec
1091 4086 1123 4126 re
1139 4086 1183 4126 me
1201 4071 1296 4140 ipsum

228 4155 359 4213 dubitare
376 4153 517 4215 confiteor.

141 4514 273 4778 i

196 4761 216 4848 P
