2872 4946
518 455 735 519 ..53-

88 632 169 698 aliis
189 632 344 718 Ascripsit,
373 632 443 697 illis
475 631 645 717 prioribus
678 649 848 716 opponere
872 629 1018 696 videtur.
1063 627 1160 694 Inter

88 770 129 814 ea
159 756 280 814 autem
305 749 445 836 scripta,
477 768 565 832 quae
590 748 748 832 deinceps
774 747 942 829 nominat,
971 766 1046 810 eum
1071 743 1158 811 iudi-

86 867 203 930 ciales
230 867 401 931 orationes
426 887 469 931 ne
493 864 600 931 verbo
625 863 761 950 quidem
787 863 942 949 attingat,
965 882 1033 926 non
1049 861 1161 926 omnia

88 1003 186 1068 quac
202 981 325 1067 Lysias
346 983 478 1067 scripsit
497 1000 684 1046 memorare
701 979 821 1059 voluit,
842 977 903 1042 scd
921 997 960 1040 ea
979 977 1053 1042 sola
1073 996 1160 1061 quae

87 1096 133 1160 ad
160 1096 361 1162 scholarum
391 1118 492 1161 usum
523 1101 557 1161 et
582 1095 720 1159 delicias
746 1099 844 1158 erant
867 1092 1069 1176 composita3
1096 1091 1159 1154 ita·

87 1231 159 1294 qne
196 1209 386 1296 δημηγορίας
413 1211 470 1295 (de
500 1210 624 1295 quibus
652 1210 696 1274 of.
720 1208 885 1274 Meierum
913 1212 1089 1273 comment.
1118 1205 1160 1269 de

87 1323 232 1394 Andos.
257 1346 307 1391 or.
331 1349 358 1391 c.
383 1325 459 1390 Alc.
483 1324 539 1388 III
562 1331 632 1390 not.
656 1327 714 1409 303
738 1326 863 1409 Opusc.
886 1345 963 1410 pag.
986 1323 1075 1406 114),
1099 1322 1160 1386 ἐπι-

87 1442 212 1519 στολὰς
229 1449 262 1509 et
286 1443 344 1528 qui
360 1463 476 1508 carum
491 1463 569 1526 pars
589 1447 668 1506 suut
685 1438 847 1527 ἐρωτικοὺς
870 1439 986 1526 (Suid3
1011 1438 1161 1524 Spengel

87 1582 152 1626 συν.
173 1583 256 1644 τεχν.
277 1560 338 1622 126
357 1557 420 1644 sq.)
446 1563 479 1622 et
503 1554 639 1640 ἐγκώμια
663 1563 697 1620 et
720 1555 897 1642 ἐπιταφίους
920 1557 979 1641 (cf.
993 1554 1160 1620 Maiarum

86 1674 194 1758 ibid.)
223 1672 334 1738 omnia
357 1671 661 1736 declamationibus
686 1659 913 1736 adscribenda
938 1691 1013 1736 esse
1034 1670 1103 1734 iam
1125 1667 1161 1732 id

89 1787 286 1873 significat,
322 1787 413 1872 quod
448 1785 535 1851 inter
565 1786 676 1870 τέχνας
707 1792 741 1850 ct
775 1785 923 1852 Socratis
958 1785 1161 1872 apologiam,

91 1924 190 1988 quac
224 1923 317 1968 mera
353 1908 425 1968 erat
463 1901 661 1966 declamatio
698 1901 838 1987 (Speng.
874 1921 933 1967 ουν.
969 1924 1050 1986 regu.
1080 1901 1161 1983 1413

89 2019 218 2084 Meier.
238 2018 322 2083 ibid.
346 2024 414 2083 not.
431 2019 493 2102 403
518 2015 731 2101 Opusc.pag.
747 2017 823 2099 117)
848 2017 1046 2101 interposita
1070 2019 1161 2080 sunt.

94 2133 212 2208 Quem
227 2154 341 2198 rerum
359 2153 525 2199 conexum
541 2131 761 2196 considerans
781 2132 854 2216 quis
876 2130 1056 2223 dubitabit,
1080 2129 1160 2216 quin

92 2249 214 2314 omnia
249 2249 291 2313 ab
328 2246 447 2311 eodem
483 2251 621 2311 auctore
654 2246 811 2330 profecta
846 2245 939 2310 sinti.
990 2244 1161 2310 Auctores

93 2369 217 2428 autem
239 2363 458 2427 nominantur
481 2360 665 2446 Dionysius
691 2366 725 2425 et
748 2360 936 2445 Caecilius3
964 2361 1078 2445 itaque
1103 2363 1162 2423 ant

92 2477 152 2542 hio
180 2483 238 2542 aut
260 2477 322 2542 ille
345 2477 431 2540 haec
454 2474 634 2539 tradiderit
650 2496 790 2541 neccsse
809 2481 870 2541 est.
915 2475 960 2539 at
975 2473 1160 2559 Dionysius

95 2592 241 2676 quidem
264 2592 300 2655 in
335 2591 382 2656 eis
413 2609 500 2676 quae
525 2596 662 2655 exstant
687 2591 1012 2684 scriptis-nusquam
1036 2588 1160 2654 diserte

95 2705 292 2771 orationum
306 2725 486 2771 numerum
497 2705 612 2787 tradit,
632 2705 697 2769 nisi
711 2706 802 2791 quod
815 2705 896 2770 dicit
909 2704 941 2769 V
951 2726 984 2789 p.
997 2707 1074 2787 491,
1086 2705 1107 2767 4
1118 2702 1160 2767 R.

93 2817 239 2904 Lysiam
255 2818 417 2885 διακοσίων
431 2815 488 2884 οὐκ
504 2816 652 2894 ἐλάττους
665 2817 839 2895 δικανικοὺς
854 2817 962 2904 λόγους
974 2818 1160 2903 scripsisse.

95 2932 168 2998 Sed
191 2934 273 2998 ibid.
299 2955 372 3020 cap.
399 2935 439 2996 14
463 2954 539 2998 cum
564 2932 606 2998 de
630 2932 755 3018 Lysiae
783 2933 939 3021 genuinis
972 2940 1007 2998 ct
1038 2934 1158 3020 spuriis

96 3049 310 3113 orationibus
328 3047 553 3113 diiudicandis
572 3067 608 3112 se
628 3048 831 3134 scripturum
843 3049 1057 3135 polliceatur,
1078 3049 1160 3114 inde

94 3162 186 3228 haec
211 3163 390 3248 desumpta
412 3163 545 3248 possint
567 3162 693 3248 videri3
723 3170 756 3229 ct
782 3163 818 3228 iu
848 3164 991 3230 eandem
1023 3170 1159 3229 senten·

95 3277 180 3342 tiam
205 3277 334 3342 faciunt
356 3277 418 3342 illa
441 3279 484 3342 de
509 3277 643 3344 dicendi
667 3298 808 3364 genere:
833 3262 919 3345 bouet
941 3277 974 3344 δὲ
997 3275 1082 3344 κατὰ
1103 3275 1161 3364 τὴν

94 3389 178 3469 λέξιν
191 3389 315 3466 εὔκολος
327 3384 404 3458 εἶναι
415 3396 493 3475 κτλ,
508 3413 594 3477 quae
606 3392 713 3458 verbo
725 3398 827 3459 tenus
840 3393 932 3480 apud
940 3393 1159 3479 Dionysium:

96 3508 157 3570 τῶν
185 3503 320 3590 ἀρχαίων
351 3505 447 3590 κρίσις
470 3505 502 3570 V
525 3509 566 3572 R.
597 3507 836 3592 inveniuntur3
869 3509 1091 3594 similiterque
1122 3512 1160 3572 ut

98 3616 221 3684 Suidas
246 3621 330 3705 (not.
345 3620 387 3685 ad
405 3621 447 3684 fr.
466 3620 500 3702 8)
525 3621 567 3687 de
591 3621 715 3707 Lysiae
739 3627 773 3687 et
796 3620 954 3688 Isocratis
979 3643 1064 3707 puro
1089 3639 1158 3686 ser·

98 3753 198 3798 mone
220 3733 351 3799 iudicat
367 3734 508 3819 Dionys.
526 3735 608 3822 Lys.
632 3757 705 3820 cap.
730 3738 764 3800 2:
789 3734 1016 3820 καλαρίντατος
1039 3733 1077 3821 δὴ
1101 3738 1160 3800 τῶν

99 3843 199 3912 ἄλλων
223 3845 304 3932 μετά
327 3871 362 3932 γε
385 3848 500 3914 Λυσίαν
523 3850 554 3940 ἐν
584 3857 649 3925 τοῖς
680 3847 823 3935 ὀνόμασιν
848 3841 936 3926 οὗτος
960 3848 1160 3934 (Isocrates)

98 3959 203 4049 ἔμοιγε
226 3966 312 4029 δοκεῖ
334 3964 479 4047 paudebas
502 3961 517 4031 ὃ
541 3961 626 4050 ἀνήρ.
673 3964 719 4030 At
742 3964 906 4051 Dionysio
938 3964 1160 4030 vehementer

99 4079 228 4160 obstat,
260 4067 353 4164 quod
383 4079 493 4162 regom
522 4077 648 4164 Lysiae
680 4080 820 4164 scriptas
855 4100 924 4143 non
958 4078 1058 4143 modo
1089 4099 1158 4144 me·

98 4212 248 4258 morasse
265 4191 326 4258 sed
345 4211 389 4256 ne
405 4211 507 4258 nossa
520 4192 656 4280 quidem
675 4193 823 4275 videtur,
850 4193 1022 4280 quodiam
1035 4191 1158 4280 Speng.
