2872 4946
507 451 730 514 -31..

515 745 551 810 1.
574 745 615 810 lte
637 744 735 810 isaeo.

179 899 233 972 Fr,
259 897 311 961 11.
334 895 413 962 ibid.
437 895 501 960 839
525 895 560 959 F.
583 891 784 956 καταλέλοιπε
813 887 847 959 δὲ
873 885 978 973 λόγους
1005 883 1158 972 ἐξήκοντα

87 1011 249 1095 τέσσαρας,
284 998 325 1074 ὧν
365 1007 422 1074 εἰσι
454 1002 568 1092 γνήσιοι
599 1002 800 1090 πεντήκοντα,
838 1000 893 1068 καὶ
925 1001 1004 1078 ἰδίας
1037 1001 1156 1084 τέχνας.
1193 1049 1197 1056 .

96 1121 211 1210 πρῶτος
237 1123 270 1190 δὲ
285 1121 325 1210 ¹³)
357 1119 412 1188 καὶ
439 1119 638 1206 σχηματίζειν
663 1115 778 1206 ἤρξατο
807 1116 862 1184 καὶ
890 1118 1009 1203 τρέπειν
1042 1111 1093 1182 ἐπὶ
1120 1105 1157 1178 τὸ

94 1233 245 1334 ,τιολιτυιὸυ
265 1231 324 1322 τὴν
346 1236 487 1316 διάνοιαν,
510 1231 528 1302 δ’
549 1233 683 1321 μαλιστα
705 1233 878 1320 μεμίμηται
899 1232 1105 1317 Δημοῶέυης.
1286 1255 1288 1260 ·

480 1440 529 1506 11.
553 1438 774 1505 11τ1ιιι11ιι.

181 1598 235 1664 er.
264 1601 318 1664 12·
344 1597 423 1662 ibid.
449 1597 515 1662 840
537 1598 573 1661 Β.
596 1589 752 1681 ἀκροατὴς
774 1593 807 1660 δὲ
824 1589 980 1678 γενόμενος
993 1591 1079 1680 (soil.
1092 1593 1157 1659 Iso·

96 1711 214 1794 crates)
240 1705 283 1788 ὦς
304 1711 358 1797 μέν
381 1731 460 1786 τινος
481 1711 613 1794 λέγουσιν
630 1707 824 1795 Ἰσοκράτους
844 1705 899 1773 καὶ
920 1705 1095 1787 Πλάτωνος,
1117 1699 1159 1782 ὦς

94 1825 127 1892 δὲ
147 1824 306 1901 Καικίλιος
327 1822 552 1910 Λεωδάμαντος
572 1847 602 1889 κ.
625 1847 653 1888 τ.
672 1827 699 1889 λ.

181 1944 236 2008 Fr.
263 1941 317 2005 12¹³
341 1940 451 2006 Sohol.
475 1941 519 2004 ad
541 1940 658 2005 Aesoh.
682 1939 757 2006 fals.
780 1940 844 2022 leg.
877 1942 908 2006 3.
934 1943 951 2004 1
976 1939 1027 2006 ed.
1051 1939 1158 2004 Turio.

95 2059 136 2122 1Ι.
160 2079 191 2141 p.
215 2056 271 2120 26:
294 2047 343 2120 ὅτι
365 2047 517 2139 μαῖυητής
537 2053 664 2136 ἐγένετο,
686 2045 727 2128 ὦς
750 2053 804 2137 μὲν
825 2050 996 2138 Δημήτριος
1017 2045 1033 2118 ὁ
1057 2055 1159 2135 Φαλη-

98 2169 161 2256 ρεύς
183 2191 258 2257 pust
279 2165 467 2254 Σωκράτους
489 2164 543 2232 τοῦ
567 2164 726 2254 φιλοσόφου
739 2165 777 2251 ¹⁸)
803 2159 860 2235 etit
877 2161 999 2252 ὕστερον
1010 2163 1064 2232 τοῦ
1074 2162 1159 2233 Πλά-

97 2305 197 2362 novoe
221 2278 263 2362 ὡς
285 2282 318 2349 δὲ
348 2280 506 2359 Καικίλιος
534 2279 590 2347 καὶ
612 2275 779 2367 Ἰδομενεὺς
806 2277 861 2346 καὶ
877 2275 1056 2367 Ἕρμιππος
1082 2277 1160 2346 [στο-

97 2396 200 2484 ρουοιυ,
228 2395 283 2463 οὐκ
309 2392 420 2483 ἤκουσε
452 2394 569 2462 τουτου
598 2393 660 2462 τῶν
687 2393 802 2482 ἀνδρῶν
829 2393 996 2482 μαὶιήοεως
1017 2394 1164 2484 χάριυ.“)

173 2628 205 2698 ¹⁸)
229 2626 308 2692 Quae
331 2641 413 2696 quam
442 2625 514 2680 bene
541 2625 730 2694 respondeant
757 2626 798 2680 eis
830 2641 901 2695 quae
926 2625 961 2680 de
986 2627 1166 2698 Antiphontis

97 2711 194 2785 figuris
213 2718 383 2784 exposuerat
403 2713 552 2783 caecilius,
578 2729 658 2769 nemo
676 2729 732 2769 non
752 2713 843 2770 videt:
871 2729 956 2783 qnare
979 2715 1042 2769 huie
1060 2716 1167 2771 auctori

99 2801 275 2857 vindicanda
292 2806 321 2856 et
347 2803 388 2856 ita
412 2802 628 2871 interpretanda
646 2807 728 2870 sunt,
758 2807 789 2856 ut
813 2801 848 2856 de
874 2803 943 2860 solis
968 2805 1166 2859 sententiarum

100 2890 195 2961 figuris
214 2883 337 2961 cogites3
366 2891 418 2946 sed
439 2890 542 2959 verba,
569 2895 600 2945 ut
618 2906 689 2945 nuno
707 2895 851 2962 leguntur,
878 2889 999 2946 fortasse
1026 2907 1095 2946 sana
1112 2907 1168 2946 non

100 2982 178 3048 sunt;
204 2993 268 3033 nam
288 2978 457 3044 ππολιτικὸν1
488 2978 554 3047 quid
581 2982 625 3033 est
642 2977 719 3033 aliud
746 2994 841 3047 quam:
867 2977 941 3048 quod
964 2979 1001 3034 ad
1028 2980 1167 3034 orationes

94 3066 194 3120 ‚civiles
216 3067 361 3136 pertinet?
387 3066 443 3121 iam
475 3067 647 3131 „sententias
673 3067 763 3137 magis
792 3067 867 3122 oivili
890 3068 1045 3122 orationum
1071 3065 1166 3138 generi

101 3153 325 3210 accommodare⁸⁴
346 3154 472 3223 quamvis
493 3152 598 3208 hebeat
616 3169 670 3223 quo
689 3153 860 3224 defendatur,
879 3159 972 3211 tamen
985 3155 1167 3210 suboscuram

95 3242 223 3310 ¹videtur;
241 3257 332 3296 nonne
350 3241 436 3312 igitur
455 3241 555 3296 melius
574 3241 626 3296 erit
643 3242 780 3298 seribere:
806 3245 916 3314 τρέπειν
933 3242 990 3296 ἐπὶ
1009 3243 1046 3294 τὸ
1062 3243 1168 3314 71th-

103 3329 207 3382 τικόν
225 3329 277 3400 τήν
296 3327 425 3382 διάνοιαν
436 3333 455 3384 1.
469 3344 494 3385 e.
510 3329 663 3384 sententias
676 3329 772 3399 figuris
785 3330 826 3385 ita
843 3346 950 3399 ornare,
968 3335 1000 3385 nt
1016 3330 1170 3386 auditorem

103 3417 189 3488 magis
207 3418 379 3486 percellant?

172 3505 205 3574 ¹⁴)
225 3505 378 3560 Isocratem
390 3504 557 3560 Demetrius
569 3505 644 3560 haud
662 3505 745 3560 dubie
764 3505 846 3573 dixin
865 3504 917 3560 sed
935 3521 1010 3560 emor
1027 3505 1081 3560 iam
1099 3505 1168 3562 anti·

96 3593 194 3662 ,quitus
215 3598 292 3648 ortus
312 3609 330 3648 a
347 3593 440 3648 multis
471 3593 572 3648 deinde
594 3596 766 3663 propagatus
792 3598 850 3663 θοις
875 3591 910 3647 of.
930 3592 1044 3649 Sohtfor
1062 3594 1167 3650 Ztsohr.

104 3680 121 3735 f.
134 3683 171 3738 A.
185 3683 258 3738 1848
269 3699 297 3750 p.
310 3683 366 3737 264
383 3684 412 3736 et
427 3680 555 3736 eiusdem
567 3681 711 3736 Demosth.
724 3698 751 3738 u.
766 3681 845 3736 aeine
856 3682 925 3752 Zeit,
943 3683 996 3750 lp.
1008 3682 1061 3738 230
1073 3686 1130 3737 not.
1142 3683 1168 3736 1.

175 3771 207 3838 ¹¹)
226 3769 350 3824 Tertiam
375 3769 410 3824 de
439 3768 589 3824 Aeschinis
617 3769 752 3838 magistro
778 3769 944 3824 sententiam
968 3769 1070 3824 Suidns
1094 3785 1117 3824 e.
1140 3757 1169 3825 κ’.

105 3857 186 3928 Atax.
206 3858 241 3912 N⁰
259 3859 276 3910 2
295 3861 324 3912 et
341 3856 457 3912 Photiue
478 3856 540 3912 eod„
558 3858 592 3912 61
611 3855 767 3926 proferunt,
795 3873 910 3926 qnorum
927 3857 974 3912 ille
990 3855 1169 3928 Ἀλκιδάμαν-

106 3963 148 4003 τος
165 3946 214 3998 τοῦ
230 3943 349 3998 maison
361 3945 529 4012 discipulum
542 3943 631 4000 finisse
643 3944 736 4015 uadit,
754 3944 799 4000 hio
810 3942 957 4002 Πλάτωνος
969 3943 1112 3997 διακαῦσαι
1122 3941 1169 3997 καὶ

104 4031 260 4106 Ἀνταλκίδᾳ
282 4033 472 4104 autminus.
521 4032 560 4087 Et
585 4033 661 4102 apud
686 4031 814 4089 Photinm
843 4032 953 4103 quidem
978 4030 1169 4103 Ἀλκιδάμαντι

107 4119 250 4177 Ruhnken.
268 4123 332 4177 hiet.
351 4121 411 4178 enit
432 4137 460 4191 p.
481 4121 517 4178 63
534 4125 610 4176 reete
626 4121 737 4176 videtur
756 4121 928 4191 consuisseg
945 4125 976 4176 at
993 4119 1109 4175 eandem
1121 4135 1171 4175 eur

95 4208 228 4266 ‹anoilio
245 4209 428 4280 impertiverit
454 4209 482 4264 in
500 4208 755 4280 Pseudoplutaroho
774 4209 954 4278 sententiam,
982 4208 1085 4264 nullam
1107 4223 1170 4278 per·
