2872 4946
545 441 740 504 ..9,

108 633 178 699 quo
202 613 412 700 potissimum
435 634 559 700 genere
583 614 719 682 dicendi
737 617 865 703 singuli
881 624 1033 684 oratores
1057 624 1174 686 essent

107 730 181 814 nsi,
206 751 292 815 qnae
317 752 393 795 cum
416 730 489 796 fere
516 731 626 797 omnia
647 732 823 818 perierint,
849 740 975 818 tamen,
999 735 1027 801 si
1051 757 1172 821 pauca,

109 865 201 932 quae
225 851 372 928 exstant,
395 846 585 932 fragmenta
608 848 946 935 perlustraverimus,
975 852 1069 918 haud
1094 872 1172 918 oon·

106 961 295 1026 temnenda
319 962 505 1028 elucebunt
525 963 560 1029 in
580 963 644 1029 hao
662 984 798 1051 quoque
813 973 911 1052 parte
926 967 988 1034 viri
1006 967 1174 1045 industria

110 1085 145 1144 et
156 1078 340 1165 ingenium.
372 1079 462 1144 Nam
478 1080 513 1145 in
531 1081 727 1147 universum
747 1081 884 1167 quidem
901 1105 980 1149 cunr
1000 1083 1042 1150 de
1062 1090 1172 1150 orato·

109 1215 186 1260 rum
202 1214 329 1280 genere
342 1194 479 1261 dicendi
494 1195 566 1262 lere
583 1196 703 1262 eadem
715 1217 803 1282 qnae
819 1196 1002 1284 Dionysius
1020 1205 1054 1264 et
1066 1199 1173 1266 ceteri

110 1309 186 1374 eins
210 1310 330 1375 aetatis
359 1310 515 1376 rhetores
543 1310 825 1395 iudicavisset*),
854 1318 967 1378 tamen
996 1319 1085 1379 artes
1114 1334 1173 1381 re·

109 1429 222 1490 terum
244 1432 463 1512 perscrutans
489 1433 521 1492 et
546 1428 717 1493 orationes
747 1428 790 1493 ad
816 1428 967 1514 ipsorum
990 1435 1173 1515 praecepte

110 1561 276 1609 revocans
301 1542 343 1608 de
366 1548 521 1609 veterum
546 1544 741 1610 scholarum
762 1545 852 1611 inter
880 1566 955 1612 sese
979 1566 1116 1611 conexu
1140 1551 1172 1610 et

110 1658 314 1745 praeceptis,
337 1665 376 1726 ut
400 1659 443 1725 ab
469 1658 542 1725 aliis
566 1660 610 1725 ad
634 1660 717 1726 alios
740 1660 865 1725 tradite
888 1666 1012 1743 essent,
1033 1660 1172 1727 investi·

110 1773 234 1858 gandis
258 1774 395 1860 egregie
418 1775 558 1841 meritus
583 1780 644 1840 est.
690 1774 735 1840 Et
758 1775 882 1863 Lysiae
907 1776 1043 1863 quidem
1067 1783 1169 1864 atque

112 1885 206 1954 Isaei
229 1895 318 1954 artes
342 1909 413 1954 non
435 1891 546 1955 solum
569 1891 740 1977 cognorit,
772 1890 833 1957 sed
856 1891 957 1957 etiam
978 1892 1072 1958 illius
1097 1913 1171 1958 ora-

110 2003 243 2068 tionum
275 2003 342 2068 duo
371 2024 500 2089 genera
531 2026 605 2071 esse
636 2007 826 2090 intellexit,
864 2008 1011 2073 alterum
1045 2027 1173 2089 earum,

113 2141 203 2206 quae
230 2121 320 2188 veris
349 2123 460 2188 causis
492 2129 607 2188 essent
636 2123 927 2206 accommodatae,
957 2123 1105 2189 alterum
1128 2122 1172 2188 ad

112 2236 308 2302 scholarum
331 2259 431 2302 usum
455 2244 490 2303 et
511 2239 722 2326 voluptatem
737 2239 1004 2325 excogitatarum
1028 2238 1086 2324 (of.
1104 2237 1172 2325 epi·

109 2359 256 2418 metrum
283 2352 346 2438 Il).
400 2352 536 2420 Deinde
569 2355 741 2440 singulare
772 2354 934 2420 iudicium
963 2354 1005 2419 de
1037 2359 1173 2420 senten·

109 2469 237 2535 tiarnm
268 2470 386 2556 figuris
428 2471 604 2557 exposuit,
639 2491 723 2556 quas
754 2492 775 2536 a
808 2471 923 2558 primis
952 2470 1020 2535 illis
1054 2468 1178 2536 Atticis

112 2586 305 2652 oratoribus
330 2607 401 2652 non
426 2586 606 2669 adhibitas,
630 2587 692 2652 sed
715 2588 758 2653 ab
777 2585 877 2652 Isaeo
901 2587 1035 2652 demum
1057 2587 1175 2652 inven-

108 2707 167 2767 tas
192 2708 226 2768 et
248 2703 393 2768 maxime
418 2725 437 2767 a
457 2701 689 2768 Demosthene
709 2709 891 2788 usurpatas
914 2703 1019 2768 fuisse
1042 2702 1175 2788 putavit

111 2816 170 2902 (fr.
200 2819 231 2881 5.
261 2820 290 2882 7.
320 2817 403 2901 11.);
439 2817 596 2883 nimirum
627 2839 696 2882 non
725 2837 783 2882 eas
806 2817 934 2904 figuras
961 2817 1055 2901 dicit,
1084 2837 1171 2903 quac

115 2937 240 2997 natura
263 2931 408 3017 quadam
432 2939 466 2998 et
490 2932 630 2998 fortuito
655 2932 758 3015 fiunt,
787 2932 848 2997 sed
880 2953 966 3018 quae
995 2954 1073 2998 curn
1101 2938 1173 2999 arte

113 3051 148 3110 et
172 3046 314 3112 oonsilio
339 3053 479 3112 ornatus
505 3069 609 3114 causa
632 3048 818 3134 finguntur.
1172 3034 1173 3040 ἵ

201 3160 360 3247 Denique
382 3163 418 3227 in
441 3163 520 3228 vitis
552 3184 686 3249 quoque
715 3163 913 3230 enarrandis
942 3183 1011 3228 non
1039 3161 1082 3228 da
1104 3167 1177 3228 erat

113 3273 243 3342 Oaccili
266 3278 441 3364 diligentia
465 3285 499 3343 et
522 3279 712 3345 litterarum
729 3279 850 3349 eximia
868 3277 1031 3360 doctrina,
1054 3277 1083 3342 si
1099 3277 1172 3363 qui·

113 3391 193 3456 dem
209 3413 278 3456 non
295 3394 406 3458 solum
420 3392 849 3480 Hermippi,1domeni**),
868 3400 1062 3460 ceterorum
1079 3393 1173 3460 hand
1270 3421 1272 3430 ³

115 3503 231 3590 dubie,
255 3508 312 3592 qui
335 3507 377 3572 de
401 3509 593 3574 oratoribus
618 3509 840 3595 scripserant,
870 3509 964 3574 libris
996 3531 1079 3574 usus
1112 3514 1175 3591 est,

115 3622 178 3688 sed
196 3623 295 3688 etiam
312 3622 457 3690 decretis
474 3625 632 3710 publicis,
646 3644 733 3710 quae
749 3645 794 3689 ex
806 3623 938 3690 Crateri
954 3625 1006 3708 (ut
1018 3622 1173 3688 Wester·

205 3854 230 3922 Ι*)
258 3853 292 3912 Ε.
310 3870 334 3912 c.
353 3855 456 3925 Lysiae
479 3854 555 3924 quod
571 3855 736 3910 brevitatem
755 3855 925 3924 strigorem
952 3867 1105 3922 purumque
1124 3851 1177 3906 At-

114 3941 200 3997 ticum
228 3958 382 3998 sermonem
406 3943 515 4012 laudat,
541 3942 705 4012 disponendi
728 3959 796 3998 vero
820 3946 908 3998 artem
931 3942 1083 4010 vituperet,
1111 3938 1180 3994 illud

115 4036 145 4086 et
163 4031 283 4102 Dionysi
309 4030 343 4086 de
361 4031 430 4101 Lys.
449 4047 511 4104 cap.
530 4035 554 4087 2.
575 4033 617 4087 10.
642 4036 671 4086 et
689 4031 807 4087 omnium
831 4030 956 4085 eiusdem
980 4028 1097 4098 aetatis,
1122 4029 1176 4084 hoc

114 4119 171 4173 iam
190 4119 314 4174 Platonis
332 4117 423 4175 morat
442 4119 571 4175 iudicium
589 4118 632 4189 (fr.
650 4117 714 4188 9⁵).

187 4225 229 4293 “l
250 4225 320 4281 Nam
330 4225 454 4283 Caecilio
463 4227 534 4281 haec
543 4225 655 4281 nomine
663 4225 767 4281 debere
778 4223 890 4280 videtur
902 4223 1058 4279 scholiasta
1070 4224 1104 4281 fr.
1117 4223 1179 4281 12⁶.
1213 4248 1215 4254 ·
