2872 4946
14 657 15 672 ,
128 591 234 667 Quod
258 596 372 656 autem
399 591 614 674 arrogantiae
638 588 813 653 rhetorem
835 591 992 668 accusat,
1016 585 1074 672 qui
1096 584 1197 648 homo

14 693 16 720 '
135 705 326 771 Graeculus
351 705 393 771 de
417 705 581 770 Romanis
606 702 827 788 scriptoribus
855 702 1008 769 iudicare
1036 703 1197 784 voluerit,

132 827 245 885 utrum
267 823 386 886 merito
410 821 530 886 fecerit
549 818 755 882 Plutarchus
778 837 899 900 necne,
921 839 1013 885 nunc
1035 820 1102 882 iam
1126 817 1193 882 dis·

129 943 267 1021 captare
305 957 374 1001 nou
406 956 597 1021 possumus.
661 933 715 997 Ne
747 938 861 999 tamen
897 935 1035 1000 nimium
1066 933 1195 998 rhetori

14 1099 15 1106 κ
129 1050 262 1116 Graeco
285 1051 487 1132 tribuamus,
510 1050 599 1114 illud
622 1048 714 1135 quod
737 1047 967 1122 Quintilianus
988 1046 1090 1130 VIII,
1102 1050 1133 1130 3,
1150 1051 1194 1114 35

129 1165 171 1230 de
188 1165 334 1232 Sisenna
350 1166 454 1264 tradit
472 1164 516 1229 ad
538 1164 722 1229 Caecilium
737 1163 913 1248 Epirotam
928 1165 1193 1248 grammaticum,

14 1271 15 1318 ἶ
128 1277 297 1344 Calactini
320 1280 517 1366 aequalem,
547 1280 719 1364 pertinere
742 1278 952 1364 putaverim,
982 1277 1025 1342 de
1054 1298 1122 1363 quo
1147 1277 1191 1343 cl.

126 1391 268 1457 Sueton.
305 1393 348 1458 de
384 1400 561 1480 grammat.
591 1415 644 1479 ep.
674 1395 726 1456 16.
777 1391 868 1457 Dicit
907 1392 997 1456 enim
1028 1391 1190 1470 Quintil:

128 1505 239 1579 ,idem
262 1505 410 1590 (Cicero)
434 1513 532 1593 putat
556 1530 576 1572 a
600 1507 761 1572 Terentio
793 1506 939 1593 primum
962 1507 1090 1572 dietum
1114 1526 1190 1572 esse

127 1621 383 1705 ,obsequium,“
409 1620 576 1686 Caecilius
601 1621 774 1688 aSisenna
801 1623 951 1705 „albenti
970 1621 1107 1707 eoelo“;
1129 1643 1189 1687 ne·

14 1723 15 1764 ³
125 1755 191 1819 que
215 1735 398 1800 verisimile
423 1742 475 1800 est
497 1736 670 1801 rhetorem
686 1737 856 1804 Graecum
872 1739 1026 1826 quamvis
1049 1738 1188 1823 linguae

14 1909 15 1926 ,
122 1847 298 1914 Romanae
322 1851 563 1936 peritissimum
585 1853 621 1915 iu
643 1853 726 1918 talia
747 1853 975 1940 inquisivisse.
1032 1855 1037 1867 “

210 1963 285 2030 Iam
308 1985 352 2030 ex
374 1966 427 2030 bis
452 1967 608 2032 omnibus
633 1967 715 2032 satis
741 1987 906 2052 apparere
929 1974 1012 2053 puto
1036 1965 1184 2052 quidde

14 2079 15 2134 l
122 2076 250 2143 Caecili
273 2086 307 2144 et
332 2080 508 2167 diligentia
530 2088 564 2146 et
585 2083 722 2167 iugenio
744 2082 965 2148 iudicandum
982 2082 1184 2166 existimem3

14 2191 15 2224 ³
121 2213 241 2258 verum
264 2201 378 2260 tamen
402 2203 440 2260 ut
457 2197 659 2278 summatim,
683 2215 771 2281 quae
790 2195 872 2260 mihi
889 2215 1026 2280 quoque
1042 2195 1181 2260 videan-

14 2335 15 2338 ¹
120 2311 191 2389 tur,
219 2315 390 2394 repetam,
420 2310 673 2376 Westermauni
705 2313 813 2376 verba
843 2309 1027 2396 adponam,
1055 2309 1113 2396 qui
1146 2309 1182 2374 in

121 2425 378 2506 quaestionibus
402 2424 673 2491 Demosthenicis
696 2433 783 2512 part.
800 2424 853 2489 IV
867 2447 945 2511 pag.
961 2427 1004 2488 42
1028 2424 1113 2490 haee
1137 2424 1180 2490 de

121 2534 270 2604 Caecilio
302 2540 427 2605 habet:
459 2541 523 2621 ,Et
552 2541 645 2607 hunc
676 2541 815 2628 quidem
844 2543 967 2609 librum
997 2543 1082 2628 (scil.
1112 2543 1179 2607 De·

121 2655 327 2731 ,mosthenis
351 2663 384 2720 et
407 2655 581 2721 Ciceronis
606 2661 904 2743 comparationem)
934 2659 999 2722 etsi
1022 2659 1179 2724 concedi·

121 2789 212 2846 ,mus
241 2768 429 2834 Plutarcho
467 2771 701 2856 imprudenter
733 2774 894 2859 scriptum
929 2774 1178 2862 temerarioque

120 2883 296 2962 ,editionis
320 2885 463 2949 consilio
487 2889 668 2974 vulgatum
692 2911 779 2972 esse,
807 2891 871 2955 etsi
894 2895 1074 2976 praeterea
1098 2910 1177 2954 con·

118 2997 307 3078 ,cedimus,
334 3000 443 3063 multa
466 3001 651 3066 Caecilium
673 3010 803 3072 temere
825 3007 932 3093 magis
958 3014 992 3071 et
1015 3009 1178 3074 audacter

117 3133 238 3196 ,quam
261 3110 436 3177 moderate
464 3117 748 3206 considerateque
772 3122 958 3207 scripsisse,
988 3123 1177 3187 cuiusmodi

117 3233 214 3303 ,sunt
247 3248 337 3313 quae
367 3231 510 3314 protulit
534 3234 576 3298 de
600 3237 881 3323 praeceptoribus
906 3238 1118 3324 Thucydidis
1143 3247 1176 3304 et

116 3341 315 3417 ,Aeschinis
340 3344 453 3430 deque
469 3345 585 3432 Lysia,
607 3349 703 3414 haud
718 3372 858 3435 possum
874 3359 988 3420 tamen
1006 3355 1041 3418 iu
1059 3374 1176 3420 eorum

115 3459 335 3534 ,sententiam
363 3461 570 3543 concedere,
601 3465 659 3550 qui
690 3485 769 3530 eum
799 3443 972 3554 tamquam
1004 3469 1176 3536 hominem

115 3571 230 3648 ,nulla
252 3571 320 3637 fide
344 3573 485 3660 dignum
508 3585 749 3663 aspernantur,
781 3584 981 3666 praesertim
1012 3605 1089 3648 cum
1120 3586 1174 3650 vir

14 3689 15 3704 ¹
115 3686 165 3764 ,in
187 3686 333 3753 testibus
358 3691 523 3776 eligendis
542 3693 753 3760 cautissimus
774 3693 1002 3769 Quintilianus
1018 3697 1173 3787 aliquau-

113 3807 201 3877 ,tum
224 3804 433 3899 auctoritatis
458 3806 488 3869 ei
511 3806 651 3888 tribuat,
676 3829 789 3895 eaque
811 3811 895 3895 ipsa,
920 3835 1009 3900 quae
1035 3833 1079 3879 ex
1097 3815 1171 3882 eius

113 3913 223 3991 ,libris
248 3916 303 3981 hic
325 3917 398 3982 illic
427 3928 590 4007 excerpta
620 3925 853 4010 reperiuntur,
886 3930 995 3997 virum
1025 3934 1173 4018 prodant

14 4037 15 4064 ¹
114 4049 211 4103 ,saue
236 4051 336 4114 quam
360 4031 559 4118 diligentem
589 4042 693 4124 atque
721 4039 816 4104 haud
843 4041 1108 4135 imprudentem,
1135 4049 1173 4115 id

114 4141 221 4225 ,quod
245 4163 289 4208 ex
313 4144 557 4232 Antiphonteis
578 4150 813 4238 intelligitur.“
