2872 4946
533 445 730 508 „5-

100 641 194 684 πειτα
204 615 273 704 ἅμα
283 617 428 708 Κεκιλίῳ,
447 639 535 706 quae
549 619 656 685 verba
667 617 815 686 Miillero
828 639 869 686 ea
886 619 929 686 de
945 641 1050 687 causa
1062 620 1162 687 dubi·

100 733 266 799 tationem
275 741 466 818 moverunt,
479 735 571 822 quod
584 735 797 822 Timagenes,
810 737 868 823 qui
880 757 969 803 anno
983 739 1025 804 55
1038 757 1067 803 a.
1081 737 1163 804 (ihr.

102 851 257 939 captivus
280 852 421 917 Romam
444 852 605 936 venisset,
633 854 885 938 nonagenarius
908 853 981 920 lere
1006 874 1081 920 esse
1105 854 1164 921 de-

103 968 219 1050 beret,
255 988 322 1054 quc
358 979 509 1054 tempore
539 966 721 1054 Augustus
760 968 862 1050 obiit,
901 987 1012 1055 neque
1043 974 1164 1056 postca

103 1082 261 1149 floruisse
287 1089 402 1169 posset
432 1105 508 1148 cum
531 1083 696 1166 Caecilio,
725 1084 822 1150 euius
850 1086 914 1151 sub
938 1084 1099 1172 Augusto
1131 1091 1166 1152 ct

106 1204 205 1264 antea
231 1199 384 1263 aemulus
408 1199 538 1264 luisset.
585 1197 708 1285 Itaque
731 1205 770 1265 ut
794 1218 895 1285 supra
919 1198 1097 1284 Caecilios,
1119 1200 1168 1267 ito

104 1313 162 1378 hic
187 1311 271 1379 duos
294 1314 496 1400 Timagenes
517 1313 679 1380 confusos
702 1334 777 1379 csse
797 1320 904 1402 putat.
950 1313 1018 1381 Sed
1045 1321 1166 1382 utcun-

107 1448 174 1513 que
198 1427 240 1493 de
258 1427 441 1516 Timagene
463 1429 664 1513 iudicamus,
686 1429 871 1498 Caecilium
886 1452 956 1497 non
976 1432 1087 1498 solum
1101 1431 1167 1500 sub

107 1543 266 1630 Augusto
291 1544 352 1609 sed
375 1544 474 1610 etiam
497 1544 639 1632 posthac
664 1545 820 1612 docuisse
840 1546 965 1612 Suidae
985 1548 1092 1615 verbs
1116 1567 1169 1612 se·

107 1659 150 1723 tis
172 1659 418 1746 demonstrant3
442 1682 559 1727 verum
580 1661 672 1747 quod
692 1661 794 1727 etiam
809 1668 888 1728 ante
902 1663 975 1728 eius
992 1661 1171 1750 imperium

108 1773 278 1842 Millcrus
297 1777 392 1860 dixit,
415 1797 483 1842 non
496 1783 579 1864 puto
601 1797 646 1842 cx
663 1797 702 1842 eo
723 1777 799 1843 loco
818 1777 935 1864 colligi
951 1797 1071 1864 posse;
1093 1797 1172 1842 nam

110 1887 199 1976 „iipo
215 1890 372 1982 Κεκιλίῳ“
397 1913 466 1957 non
482 1892 547 1958 nisi
561 1891 605 1959 ad
621 1892 823 1979 posteriora:
850 1891 921 1974 „set
938 1916 974 1958 τε
990 1890 1169 1977 Kalonos&

111 2010 176 2072 etc.
201 2012 354 2092 spectare
377 2007 549 2074 videntur.
596 2007 728 2095 Optime
749 2027 832 2076 vero
857 2029 933 2073 oum
960 2006 1025 2073 hac
1056 2012 1174 2072 nostra

111 2123 282 2189 sententia
305 2124 483 2207 convenit,
516 2124 617 2211 quod,
647 2130 685 2190 ut
707 2122 798 2188 infra
821 2122 1031 2204 docebimus,
1054 2119 1191 2207 claris·-

114 2240 199 2306 sima
230 2239 357 2306 aneili
396 2242 521 2328 scripta
564 2246 640 2328 post
678 2238 823 2325 Dionysi
859 2235 1174 2303 Halicarnassensis

114 2356 372 2422 commentarios
404 2356 446 2422 de
475 2356 623 2442 antiquis
652 2355 845 2420 oratoribus
878 2359 913 2419 et
936 2353 978 2419 de
1001 2350 1174 2418 Dinarcho

115 2470 207 2536 edita
235 2477 332 2558 sunt3
362 2472 417 2538 hic
440 2478 555 2539 tamen
583 2471 677 2559 quod
699 2471 735 2536 in
759 2469 904 2557 epistola
924 2468 969 2534 ad
993 2467 1055 2532 On.
1077 2466 1175 2532 Pom·

114 2590 246 2677 poium,
278 2612 364 2676 quae
396 2597 429 2656 et
457 2593 531 2678 ipsa
558 2591 627 2656 illis
656 2579 903 2655 commentariis
935 2583 1103 2672 posterior
1125 2587 1178 2648 est

117 2703 212 2788 (nam
232 2704 402 2791 integrum
426 2706 539 2772 locum
561 2711 681 2771 auctor
703 2703 784 2770 inde
809 2703 881 2788 ipse
913 2699 1027 2783 affert)
1059 2697 1177 2781 (laeci-

116 2819 201 2883 lium
231 2826 269 2885 ut
299 2819 596 2886 familiarissimum
625 2824 790 2885 memorat
820 2818 907 2902 (cap.
930 2817 951 2880 3
974 2812 1027 2879 VI
1054 2835 1087 2900 p.
1112 2812 1175 2877 771

118 2933 173 2999 ed.
193 2934 336 3018 Beier),
361 2936 403 3002 ab
426 2937 486 3001 illo
512 2937 584 3002 fere
607 2942 760 3022 tempore
776 2932 989 2998 Calactinum
1009 2928 1180 2994 rhetorem
1228 2965 1230 2970 ,

118 3050 241 3115 florere
266 3043 417 3137 coepisse
442 3052 589 3134 conicio,
620 3051 695 3116 dioc
728 3051 771 3116 ab
804 3069 893 3114 anno
918 3047 990 3112 lere
1021 3044 1179 3111 vicesimo

120 3172 200 3230 ante
223 3164 304 3231 (lhr.
350 3165 450 3241 Quod
474 3167 615 3232 sirecte
639 3165 895 3253 disputavimus,
926 3184 970 3228 ex
994 3161 1182 3245 utriusque,

120 3281 264 3369 Dionysi
295 3288 329 3348 et
351 3281 496 3365 Caecili,
528 3287 638 3348 aetate
673 3287 707 3346 et
739 3280 939 3365 scriptorum
963 3275 1183 3342 similitudine

120 3397 214 3463 hunc
236 3399 329 3464 illius
350 3398 553 3486 discipulum
577 3399 606 3466 si
628 3418 697 3465 non
720 3397 848 3478 multis,
871 3392 1045 3460 nonnullis
1069 3397 1184 3456 tamen
1248 3407 1252 3414 ·

122 3513 222 3578 annis
256 3515 421 3581 iuniorem
456 3515 561 3582 fuisse
604 3512 786 3583 verisimile
822 3512 966 3578 ridetur.
1024 3507 1185 3574 (lotorum

123 3631 248 3719 quibus
270 3637 448 3719 praeterea
468 3614 747 3718 praeceptoribus
764 3627 933 3694 Caecilius
950 3645 1032 3690 usus
1050 3623 1095 3688 sit
1116 3641 1185 3687 non

122 3746 286 3832 traditur3
314 3745 563 3832 Apollodorum
597 3752 710 3813 tamen
746 3763 824 3809 eum
851 3740 1022 3808 audivisse
1054 3736 1184 3803 conicio

123 3882 169 3927 ex
192 3861 308 3937 Quint.
331 3861 395 3945 IX,
420 3865 451 3945 1,
476 3864 535 3946 12,
569 3858 842 3947 „Apollodorus,
873 3855 902 3921 si
929 3852 1079 3919 tradenti
1102 3849 1187 3916 an-

125 3980 203 4044 cilio
227 3978 412 4061 credimus,
438 3974 795 4064 incomprehensibilia
827 3971 935 4059 partis
965 3969 1068 4034 huius
1097 3966 1132 4052 (i.
1157 3983 1187 4032 e.

124 4094 328 4182 figurarum)
353 4100 537 4183 praecepta
556 4091 799 4174 existimarit;“
823 4087 890 4152 hoe
903 4084 992 4150 enim
1004 4080 1188 4162 Caecilius,

125 4212 162 4277 ni
184 4211 299 4294 fallor,
321 4231 391 4276 non
414 4229 459 4276 ex
480 4209 574 4275 illius
598 4206 731 4294 scriptis
757 4204 818 4271 sed
835 4223 880 4270 ex
896 4200 1092 4268 scholarum
1107 4217 1189 4263 con·
