2872 4946
691 443 911 506 ..14-

272 618 332 704 (fr.
355 618 424 702 24).
469 613 503 683 N
505 639 559 684 arn
585 600 625 684 ut
653 619 754 684 simul
777 618 902 706 Lysiae
929 625 1059 684 tantam
1085 619 1229 705 perfecti
1262 638 1336 684 ser·

271 734 380 798 monis
403 740 546 820 partem,
569 734 679 822 qualis
697 733 857 818 οἰκονομία
874 739 938 816 est,
961 733 1170 800 abiudicaret
1189 754 1334 821 eamque

271 847 574 933 reprehensionem
608 871 630 914 a
658 847 820 932 Platone,
852 869 957 936 quem
990 851 1103 935 ipsum
1138 849 1336 934 vituperare

273 962 416 1046 studuit,
441 969 671 1046 mutuaretur,
693 964 790 1030 nullo
812 962 914 1030 modo
937 964 1011 1030 fieri
1033 965 1154 1051 potuit.
1197 961 1337 1052 Itaque,

273 1079 362 1165 qu'ae
381 1077 586 1166 Spengelius
610 1099 748 1167 quoque
769 1099 830 1144 ουν.
853 1102 935 1164 τεχυ.
957 1081 1020 1144 123
1040 1086 1110 1146 not.
1133 1083 1176 1145 60
1194 1101 1231 1146 se
1256 1101 1338 1146 con·

272 1193 416 1280 iungere
432 1213 502 1258 non
518 1213 621 1279 posse
636 1191 827 1279 profitetur,
841 1196 890 1259 ita
907 1195 989 1259 mihi
1003 1195 1192 1280 explicasse
1205 1194 1338 1278 videor,

274 1314 313 1375 ut
338 1309 402 1373 illa
424 1307 652 1394 συγγράμματα
673 1307 953 1396 Pseudolongino
983 1311 1088 1376 allata
1119 1333 1140 1376 a
1169 1311 1259 1376 libro
1293 1310 1337 1376 de

274 1423 394 1490 decem
410 1424 601 1489 oratoribus
622 1423 756 1489 diverse
772 1424 880 1491 fnisse
897 1431 1057 1492 statuam
1100 1425 1144 1491 Id
1161 1428 1250 1492 enim
1271 1427 1340 1492 iarn

275 1539 410 1604 titulus:
434 1539 467 1604 ίυ
488 1546 554 1614 τοῖς
579 1535 669 1622 ὑπὲρ
691 1539 803 1605 Λυσίου
825 1560 927 1626 ουγγρ.
952 1541 1147 1608 accuratius
1170 1543 1337 1608 intuenti·

273 1655 340 1719 bus
370 1653 517 1720 suadere
546 1653 667 1738 potuit.
714 1652 845 1738 Quare,
878 1677 981 1742 quem
1016 1657 1061 1722 ad
1095 1657 1235 1723 modum
1269 1655 1337 1722 De-
1406 1651 1409 1660 '

274 1769 462 1835 mosthenis
501 1774 536 1833 et
570 1767 759 1850 Ciceronis,
796 1768 1038 1838 Demosthenis
1083 1778 1117 1838 et
1153 1771 1337 1838 Aeschinis

274 1885 562 1969 comparationem
577 1882 733 1948 ediderat
751 1883 934 1970 Caecilius,
955 1888 1006 1952 ita
1020 1887 1084 1953 hoa
1096 1909 1234 1975 quoque
1246 1908 1337 1953 com-

274 2001 459 2065 mentarios
476 1997 630 2084 σύγκρισιν
644 1996 814 2075 Πλάτωνος
830 1999 887 2066 καὶ
902 2002 1014 2068 Λυσίου
1031 2002 1213 2087 inscriptos
1229 2003 1338 2068 luisse

274 2116 475 2201 putaverim.

365 2228 467 2305 Quod
496 2237 610 2298 autem
638 2230 750 2315 ipsum
778 2229 869 2295 illud
897 2231 1062 2298 iudicium
1091 2234 1229 2314 attinet,
1268 2253 1340 2298 non

271 2345 398 2430 primus
428 2346 495 2410 fuit
523 2346 642 2410 rhetor
671 2343 886 2427 Calactinua,
922 2349 982 2434 qui
1010 2349 1096 2415 talia
1125 2350 1163 2413 in
1188 2347 1338 2412 Platone

273 2459 500 2544 vituperaret3
534 2481 614 2524 nam
634 2460 738 2545 plane
761 2459 882 2525 eadem
905 2461 1038 2528 famosa
1060 2465 1123 2528 illa
1142 2463 1336 2550 philosophi

272 2573 493 2658 reprehensio
510 2575 637 2660 legitur
654 2574 746 2660 apud
762 2574 966 2662 Dionysium
992 2577 1106 2661 (Dem.
1127 2580 1178 2644 ris
1199 2599 1273 2663 cap.
1294 2579 1337 2642 23

274 2693 370 2755 -29
394 2697 429 2756 et
453 2697 575 2775 postea
602 2689 711 2775 Epist.
741 2691 785 2755 ad
808 2690 870 2756 On.
893 2692 1011 2777 Pomp.
1034 2714 1107 2778 cap.
1132 2697 1162 2758 1.
1186 2695 1245 2777 2.),
1277 2693 1340 2758 ubi

271 2804 456 2892 παχύτητα,
485 2827 612 2871 vanum
639 2812 806 2872 tumorem
829 2813 863 2873 et
887 2809 1073 2874 verborum
1094 2809 1341 2874 translatorum

275 2922 421 2986 abusum
443 2921 475 2986 ei
496 2922 652 3006 imputat,
674 2943 745 2986 non
766 2923 897 3008 ubique
919 2924 1070 3011 quidem,
1092 2923 1155 2989 sed
1176 2925 1214 2986 in
1237 2923 1339 2988 certis

272 3036 396 3100 saltem
418 3037 621 3120 scriptorum
641 3036 809 3120 partibus.
855 3037 980 3126 Neque
1004 3039 1104 3104 aliter
1124 3039 1232 3124 igitur
1255 3036 1339 3104 an-

273 3152 373 3216 oilius
399 3151 538 3216 Platoni
564 3149 704 3236 Lysiam
734 3153 891 3236 opposuit
925 3174 971 3220 ex
1004 3162 1151 3242 utroque
1179 3152 1339 3238 exempla

274 3266 442 3348 afferens,
472 3286 618 3353 quorum
640 3287 747 3330 unum
776 3265 943 3354 Psdlong.
969 3270 1034 3355 (fr.
1057 3269 1122 3353 24)
1146 3269 1338 3354 descripsit

273 3380 320 3444 Et
340 3381 377 3444 in
400 3401 441 3444 ea
462 3380 633 3445 sententia
656 3380 862 3464 explicanda
883 3385 968 3448 satis
986 3384 1210 3450 vehementer
1229 3385 1340 3469 egisse

277 3492 430 3578 videtur3
451 3514 532 3559 nam
554 3495 618 3559 etsi
639 3495 857 3562 concedimus
881 3506 1060 3564 auctorem
1082 3500 1162 3565 libri
1183 3497 1253 3583 περὶ
1273 3496 1338 3584 ida,

275 3608 430 3673 Platonis
453 3616 674 3691 sectatorem,
701 3610 739 3673 in
766 3611 858 3677 idem
878 3613 1005 3680 nimiae
1027 3613 1268 3680 vehementiae
1290 3613 1340 3678 ri·

273 3725 359 3789 tium
379 3722 532 3790 incidere
554 3761 598 3771 —
620 3744 734 3812 neque
757 3727 847 3790 enim
869 3728 1030 3812 probavit
1054 3748 1168 3816 neque
1190 3728 1339 3813 probare

274 3839 443 3924 potuisset
471 3838 611 3925 Lysiam
635 3840 771 3924 saepius
798 3861 946 3926 peccare
974 3849 1096 3907 contra
1126 3843 1204 3928 puri
1235 3842 1340 3906 Attici

271 3955 438 4018 sermonis
466 3954 672 4039 elegantiam
702 3993 745 4003 -
772 3963 888 4022 tamen
917 3957 1009 4021 illud
1038 3964 1122 4039 stat,
1151 3956 1338 4022 Caecilium

275 4067 415 4154 Lysiam
446 4067 595 4134 Platone
633 4070 737 4157 longe
775 4073 991 4158 superiorem
1023 4072 1206 4137 iudicasse.
1266 4071 1339 4135 Iam

272 4189 394 4249 nostra
422 4183 560 4270 quidem
581 4191 695 4251 aetate
723 4187 877 4273 quamvis
901 4206 999 4250 nemo
1024 4185 1178 4252 Platonis
1206 4187 1338 4272 magni·
