2872 4946
706 429 903 493 ..6-

273 606 457 673 suetudine
488 610 698 693 sumpserat;
732 604 850 692 quidni
880 605 969 670 enim
1002 603 1231 679 Quintilianus
1260 605 1337 692 ipsa

275 722 347 790 eius
364 721 502 810 scripta,
524 742 612 808 quae
627 721 711 787 alias
727 719 858 803 laudat,
880 718 1099 784 memoravit?
1121 716 1223 785 Adde
1240 719 1333 806 quod

273 835 569 921 IH,1,18dioit
600 836 821 923 „Apollodori
849 841 1032 924 praesepta
1060 837 1169 921 megia
1196 856 1240 900 ex
1269 836 1337 900 die·

274 951 394 1040 oipulis
418 958 635 1040 eognosoas,“
660 951 752 1017 unde
776 958 870 1038 patet
887 973 965 1018 eum
987 951 1133 1038 plurima
1155 951 1336 1016 ootidisnis

275 1066 413 1151 scholis,
435 1088 505 1133 non
529 1065 660 1153 seriptis
682 1066 877 1132 tradidisse.

302 1469 399 1550 cap.
429 1469 483 1537 11.
537 1467 597 1535 De
625 1465 791 1548 seriptis
819 1465 971 1536 caecili
1001 1463 1307 1536 oommentatio.

364 1668 386 1734 J
389 1690 443 1735 am
467 1668 510 1733 ad
533 1667 675 1734 alteram
698 1667 935 1762 disputationis
958 1674 1089 1754 partem
1107 1669 1215 1734 multo
1239 1670 1336 1735 loou·

273 1783 453 1871 pletiorem
467 1789 685 1849 transeuntes
707 1783 749 1848 de
766 1784 909 1869 singulis
922 1783 1065 1869 seriptis,
1081 1804 1228 1869 quorum
1248 1806 1337 1870 quae

275 1904 458 1985 supersunt
488 1904 566 1985 post
594 1898 780 1964 Mdllerum
812 1899 936 1964 iterum
972 1900 1062 1965 infra
1091 1901 1339 1986 oongessimus,

273 2034 484 2101 exponemus
508 2020 553 2096 et,
577 2015 635 2099 qui
650 2015 859 2100 potissimum
878 2015 1043 2080 librorum
1059 2015 1164 2080 fuerit
1180 2036 1336 2081 conexus

274 2129 424 2216 quidque
450 2129 723 2216 deunaquaque
747 2149 785 2194 re
808 2130 1029 2195 iudicandum
1053 2130 1095 2195 sit
1119 2130 1336 2197 disseremus.

273 2243 319 2310 Et
342 2265 418 2311 eum
440 2244 507 2310 tria
521 2242 792 2310 Caecilianorum
815 2245 1015 2331 seriptorum
1038 2265 1167 2332 genera
1189 2267 1264 2312 esse
1288 2248 1338 2314 vi-

272 2358 439 2442 deantur,
465 2361 610 2446 primum
640 2380 774 2442 eorum,
811 2379 898 2444 quae
926 2359 970 2423 ad
1001 2365 1154 2426 oratores
1185 2360 1338 2428 Graecos

275 2475 486 2542 enarrandos
511 2481 545 2540 et
568 2474 846 2540 commentandos
869 2476 1058 2561 pertinent,
1090 2478 1233 2543 alterum
1257 2479 1339 2544 rhe-

273 2591 472 2672 toricorum,
494 2588 630 2654 tertium
654 2588 695 2652 de
718 2588 859 2652 historia
882 2595 915 2653 et
938 2590 981 2655 de
998 2580 1102 2656 relius
1122 2594 1227 2678 gestis
1247 2615 1338 2660 oom-

272 2707 482 2796 positorum:
503 2703 637 2790 singula
652 2703 843 2788 separatim,
863 2710 901 2769 ut
915 2726 977 2790 par
997 2711 1059 2788 est,
1080 2708 1315 2774 tractabimus.

362 2820 407 2886 Et
437 2820 534 2907 primi
573 2818 710 2906 quidem
747 2819 881 2904 generis
909 2821 1217 2905 praestantissimus
1248 2824 1340 2889 liber

276 2935 341 3002 fuit
362 2935 405 3018 is,
428 2954 530 3020 quem
551 2930 643 3018 περὶ
669 2933 732 2997 τοῦ
763 2935 1013 3019 χαρακτῆρος
1039 2937 1113 3000 τῶν
1141 2938 1241 3002 δέκα
1270 2938 1337 3024 ῥη-

273 3047 391 3135 τόρων
418 3048 616 3135 inscriptum
639 3046 760 3111 Suidas
790 3046 909 3130 tradit,
941 3048 1016 3133 qui,
1048 3050 1077 3115 si
1106 3051 1187 3136 quid
1212 3072 1231 3117 e
1254 3053 1337 3117 reli·

275 3166 430 3252 quiarum
452 3163 545 3229 haud
569 3163 696 3250 exiguo
720 3182 861 3227 numero
886 3164 1051 3251 suspioari
1079 3165 1176 3249 lieet,
1204 3174 1337 3234 eeteros

275 3286 309 3346 et
330 3279 565 3366 magnitudine
589 3284 623 3345 et
647 3278 812 3363 dignitate
836 3279 1059 3344 antecessisse
1083 3280 1230 3346 videtur.
1280 3281 1337 3348 Ibi

274 3415 352 3462 oum
372 3393 540 3460 anoilius
560 3393 604 3460 de
626 3393 742 3458 deoem
763 3392 833 3458 illis
848 3390 971 3459 Atticis
993 3396 1183 3461 oratoribus
1208 3404 1338 3484 ageret,

273 3529 347 3575 rem
373 3510 477 3597 plane
504 3510 552 3574 ita
582 3507 728 3574 instituit
759 3513 797 3573 ut
819 3506 1003 3594 Dionysius
1033 3508 1070 3572 in
1097 3513 1337 3577 commentario

276 3623 321 3690 de
344 3623 531 3690 Dinaroho.
576 3622 726 3688 Primum
746 3624 851 3710 igitur
872 3624 942 3690 vita
968 3625 1135 3710 breviter,
1162 3628 1198 3692 ni
1223 3629 1339 3713 fallor,

275 3739 434 3804 enarrata
460 3739 497 3803 in
528 3737 665 3804 dieendi
693 3746 866 3805 oratorum
893 3740 1077 3826 generibus
1109 3741 1337 3809 diiudicandis

276 3859 310 3919 et
342 3853 575 3919 describendis
604 3853 786 3940 plurimum
821 3855 1025 3941 elaboravit3
1060 3876 1129 3942 qua
1156 3858 1192 3922 in
1219 3878 1257 3923 re
1292 3879 1337 3926 ne

273 3973 403 4034 temere
425 3967 604 4053 iudicaret,
627 3990 714 4057 quae
737 3971 907 4036 orationes
931 3972 1111 4058 genuinae,
1134 3994 1221 4060 quae
1237 3975 1338 4041 falsis
1414 4011 1415 4072 ,

266 4088 448 4148 oratorum
470 4085 663 4150 nominibus
686 4086 871 4173 inscriptae
894 4094 1023 4172 essent,
1045 4095 1146 4155 antea
1170 4099 1242 4157 erat
1267 4092 1336 4160 dis·

275 4198 491 4286 septandum.
536 4199 612 4265 Hoa
637 4207 750 4267 autem
772 4202 879 4268 oritioi
894 4223 1035 4268 munere
1050 4208 1133 4288 tum,
1156 4227 1233 4271 oum
1250 4207 1338 4274 an-
1414 4193 1415 4265 ἶ
