2872 4946
694 432 913 495 ...50-

268 604 403 691 quidem
433 604 730 672 Westermannus.
775 605 823 672 At
851 627 892 674 ea
921 608 988 674 hoc
1022 608 1133 675 solum
1168 609 1330 695 probant,

268 721 500 787 accessionum
530 721 625 788 initia
660 742 729 787 non
761 722 869 809 magis
900 723 992 790 infra
1022 723 1205 790 statuenda
1238 745 1330 810 esse;

267 844 347 902 sunt
364 857 445 904 voro
464 837 564 903 etiam
585 843 664 902 ante
679 837 742 902 hos
755 837 1009 905 Westcrmanni
1031 840 1204 923 terminos,
1229 860 1331 926 quae,

268 953 360 1038 quod
380 953 417 1017 in
440 953 673 1038 prioreparte
696 952 884 1020 desiderari
906 961 1062 1041 possunt,
1094 956 1122 1020 si
1146 956 1220 1022 aliis
1244 979 1327 1024 cau-

268 1069 312 1132 sis
345 1067 514 1152 cogimur,
549 1068 593 1132 ab
626 1067 688 1130 illa
717 1067 826 1152 prima
855 1068 946 1134 vitae
977 1069 1239 1136 adumbratione
1276 1091 1328 1138 se-

268 1201 407 1248 cernere
431 1182 523 1247 etin
547 1181 761 1247 accessiones
786 1182 916 1249 referre
940 1183 1115 1250 debemus.
1167 1183 1267 1259 Quod
1290 1193 1330 1251 ut

266 1296 430 1362 faciamus
455 1296 539 1362 haec
563 1295 647 1361 mihi
671 1317 774 1362 causa
797 1316 872 1363 esse
892 1297 1042 1363 videtur:
1065 1298 1101 1363 in
1119 1318 1329 1386 unoquoque

265 1411 407 1476 istorum
430 1411 748 1477 commentariorum
761 1415 950 1498 ,postquam
978 1412 1048 1480 vita
1079 1415 1222 1480 oratoris
1245 1436 1326 1481 nar·

265 1535 340 1595 rata
364 1534 430 1611 est,
461 1527 633 1594 orationes
668 1532 701 1594 et
731 1526 799 1592 alia
824 1526 949 1614 scripta
979 1529 1094 1616 spuria
1117 1537 1151 1595 et
1173 1532 1327 1617 genuina

266 1645 400 1711 disertis
424 1644 572 1710 numeris
601 1643 651 1729 (hi
673 1649 789 1708 tamen
811 1642 847 1708 in
870 1642 1049 1709 Andocide
1074 1644 1211 1730 desunt)
1245 1667 1330 1713 enu-

264 1765 455 1844 merantur,
492 1758 597 1843 idque
633 1777 764 1843 semper
806 1735 933 1822 eodem
963 1757 1037 1824 fere
1069 1758 1163 1843 loco,
1199 1760 1330 1826 eisdem

266 1872 339 1938 fere
363 1871 476 1938 verbis
496 1869 548 1935 fit:
572 1872 715 1955 φέρονται
738 1868 761 1936 δ’
785 1867 879 1938 αὐτοῦ
903 1874 970 1937 κτλ.
1017 1870 1113 1946 Quae
1137 1875 1331 1958 argumenti

266 1993 300 2052 et
334 1986 517 2053 verborum
558 1983 742 2050 similitudo
776 1985 1001 2072 probabiliter
1044 1986 1145 2054 docet
1180 2009 1224 2054 ex
1259 2009 1329 2055 uno

266 2101 453 2187 eodemque
485 2100 664 2187 scriptore,
697 2101 755 2187 qui
784 2101 867 2168 talia
893 2102 1122 2188 inquisiverit,
1153 2102 1240 2169 haec
1269 2123 1329 2170 ex·

266 2215 390 2302 scripta
413 2235 504 2301 esse;
535 2215 594 2301 qui
619 2222 731 2281 autom
755 2215 862 2280 semel
884 2216 967 2280 talia
990 2218 1174 2304 excerpsit,
1204 2218 1246 2282 ab
1271 2236 1329 2283 co-

266 2331 343 2395 dem
372 2349 460 2416 quae
492 2329 528 2394 in
552 2330 675 2395 ceteris
703 2328 780 2395 vitis
816 2329 937 2396 similia
970 2331 1134 2416 leguntur
1165 2338 1329 2418 excerpta

266 2466 341 2512 esse
363 2444 517 2532 putanda
540 2450 638 2529 sunt3
666 2444 782 2529 itaque
811 2444 873 2510 illa
895 2445 1008 2510 omnia
1032 2452 1090 2512 aut
1113 2446 1157 2511 ad
1180 2447 1331 2533 priorem

264 2567 396 2648 partem
432 2565 489 2626 aut
518 2559 560 2624 ad
594 2559 808 2625 accessiones
839 2560 1021 2645 pertinent.
1072 2559 1146 2626 Iam
1165 2582 1258 2650 lcum
1292 2562 1329 2626 in

265 2675 432 2757 Isocrate,
465 2673 642 2760 Lycurgo,
670 2673 902 2740 Demosthene
924 2675 1015 2741 inter
1039 2677 1253 2742 accessiones
1279 2677 1330 2742 le·

264 2795 402 2876 gantur,
426 2810 558 2876 semper
580 2789 649 2856 huc
672 2789 913 2856 transferenda
937 2797 1027 2856 sunt.
1074 2789 1188 2865 Quare
1212 2796 1331 2857 cetera

266 2905 403 2989 quidem
436 2904 693 2970 Westermanni
725 2905 926 2971 sententiam
960 2911 1117 2988 secutus,
1154 2906 1190 2970 in
1222 2905 1331 2992 Lysia

265 3043 343 3107 pag.
367 3022 431 3086 836
455 3020 487 3085 Α
509 3020 590 3086 inde
615 3042 635 3085 a
658 3020 773 3086 verbis
797 3022 939 3106 φέρονται
962 3018 995 3086 δὲ
1018 3018 1134 3102 αὐτοῦ,
1168 3020 1205 3084 in
1227 3018 1329 3087 Isaeo

266 3135 371 3200 839F
395 3136 475 3200 inde
498 3156 533 3202 a:
557 3136 763 3201 καταλέλοιπε
786 3133 829 3215 δὲ,
851 3135 887 3201 in
910 3133 1084 3200 Aeschine
1111 3135 1175 3199 840
1192 3135 1223 3198 D
1244 3135 1327 3201 indo

267 3272 287 3315 a
302 3251 445 3337 φέρονται
456 3248 500 3333 δὲ,
513 3249 551 3314 in
563 3249 739 3337 Hyperide
753 3252 816 3315 849
829 3249 861 3313 D
878 3269 947 3314 non
961 3255 1039 3334 post
1058 3251 1164 3315 verba
1184 3251 1329 3336 φέρονται

266 3363 310 3449 δὲ,
332 3366 368 3431 in
383 3365 555 3430 Dinarcho
580 3386 657 3451 pag.
673 3366 738 3430 850
759 3363 787 3428 E
811 3364 891 3430 inde
916 3366 1093 3451 autpertus
1116 3361 1149 3429 δὲ
1173 3365 1326 3447 alterius,

267 3501 368 3568 quam
392 3479 474 3563 dixi,
496 3479 602 3567 partis
625 3479 721 3545 initia
734 3499 843 3565 pono;
866 3479 902 3544 in
917 3477 1097 3544 Andocide
1120 3479 1180 3544 ubi
1203 3498 1326 3565 ponam

267 3595 391 3660 dubius
414 3594 554 3659 haereo.

355 3708 424 3774 Sed
453 3708 521 3774 iam
549 3707 592 3773 de
624 3707 840 3791 auctoribus,
872 3708 995 3793 quibus
1027 3713 1173 3793 uterque
1205 3713 1239 3772 et
1269 3707 1327 3793 qui

197 3826 200 3831 ’
267 3825 371 3890 vitam
396 3823 530 3909 scripsit
554 3827 588 3887 et
612 3822 670 3907 qui
693 3828 808 3889 cetera
831 3822 1001 3909 congessit
1030 3821 1083 3887 usi
1106 3821 1188 3905 sint,
1220 3841 1327 3907 quan·

266 3943 338 4003 tum
361 3938 405 4003 ad
428 3957 500 4004 rem
521 3937 728 4025 propositam
750 3937 910 4024 pertinet,
932 3937 1102 4020 dicamus3
1128 3942 1161 4001 et
1182 3936 1328 4023 primum

268 4052 405 4138 quidem
436 4051 479 4118 de
509 4051 557 4117 eis
591 4052 715 4137 quibus
746 4051 837 4119 vitae
868 4051 1021 4137 scriptor.
1066 4050 1268 4137 Dionysium
1293 4056 1328 4116 et

268 4165 453 4233 Caecilium
477 4186 594 4233 eorum
625 4167 682 4253 qui
714 4165 931 4232 nominantur
958 4165 1208 4233 recentissimos
1240 4183 1328 4250 csse,
