2872 4946
517 446 738 510 ..11-

101 623 338 711 pinacotheca
359 643 559 710 comparans
589 641 665 688 cam
690 622 804 708 potius
833 621 1090 709 pinacothecam
1111 641 1166 688 re-

99 739 194 804 ferre
217 744 315 825 putat
337 738 397 802 ubi
420 737 588 824 quaedam
611 739 709 824 quasi
730 737 892 803 historiae
909 759 1010 827 quam
1034 759 1108 805 eam
1129 740 1165 804 in

99 875 171 941 qua
193 854 270 919 sola
293 852 558 939 pulchritudinis
583 859 616 920 et
639 854 829 919 venustatis
853 855 912 920 lex
930 862 1062 942 regnet.
1096 853 1165 919 Sed

96 989 181 1033 mox
210 969 255 1033 ab
284 969 348 1033 hac
376 988 440 1033 sua
464 967 622 1053 opinione
650 969 830 1035 discedens
863 976 993 1056 partem
1027 968 1163 1057 quidem

99 1082 222 1148 decem
247 1089 418 1148 oratorum
441 1083 509 1148 tria
529 1085 592 1150 illa
614 1107 741 1172 genera
765 1085 911 1168 dicendi,
940 1105 1028 1174 quae
1051 1085 1167 1150 rhoto-

98 1220 156 1266 ras
185 1201 252 1266 sibi
273 1200 460 1265 finxerant:
485 1197 646 1286 αὐστηρὸν,
670 1201 770 1286 μέσον,
793 1198 893 1285 ἰσχνὸν
909 1207 1167 1296 repracsentare

99 1316 240 1398 statuit,
279 1316 328 1381 ita
363 1316 519 1402 quidem,
562 1321 621 1397 ,ut
653 1315 870 1380 sublimitatis
907 1315 1089 1381 inchoatae
1122 1313 1167 1379 ad

100 1431 252 1512 Isaeum,
275 1430 455 1496 absolutae
476 1431 551 1496 laus
569 1429 612 1495 ad
631 1429 908 1512 Demosthenem,
930 1430 1107 1495 mediocris
1132 1436 1167 1495 et

100 1553 313 1633 temperatae
337 1545 553 1632 eloquentiae
576 1546 673 1610 initia
704 1544 748 1610 ad
775 1544 975 1628 Isocratem,
1004 1545 1088 1610 fines
1122 1545 1165 1611 ad

102 1662 329 1748 Hyperidem,
350 1660 462 1726 tenuis
489 1668 611 1743 autem,
634 1661 768 1727 humilis
793 1668 827 1726 et
850 1661 986 1727 subtilis
1004 1661 1165 1726 orationis

107 1777 240 1842 semina
263 1777 360 1864 quasi
384 1776 427 1840 ad
452 1775 590 1863 Lysiam
613 1775 795 1842 reserenda
817 1777 894 1860 sint,
920 1777 1096 1842 maturitas
1122 1775 1165 1840 ad

103 1891 346 1958 Aeschinem.“
393 1890 436 1956 Iu
461 1911 502 1956 ea
517 1892 607 1956 enim
624 1891 794 1957 sententia
810 1890 1012 1976 Dionysium
1030 1911 1105 1957 esse
1123 1890 1165 1956 de

104 2014 249 2072 oratorr.
274 2006 379 2092 antiq.
402 2004 435 2069 V
457 2027 534 2092 pag.
555 2008 617 2070 451
643 2006 701 2091 R.;
726 2007 768 2072 de
791 2007 963 2072 Dinarcho
986 2028 1063 2093 pag.
1087 2008 1166 2090 6293

104 2122 147 2187 dc
180 2120 280 2186 Isaeo
308 2142 385 2207 pag.
411 2122 490 2203 628,
522 2141 634 2207 neque
662 2122 827 2186 rationem
861 2141 935 2187 esse
963 2143 1024 2186 cur
1053 2121 1094 2185 ab
1125 2140 1166 2185 eo

104 2236 235 2302 iudicio
260 2237 460 2323 gravissimo
489 2236 629 2301 canonis
654 2243 826 2302 auctorem
851 2237 1070 2302 abhorruisse
1094 2256 1166 2301 cre·

107 2353 238 2417 damus.
284 2351 346 2416 His
372 2350 495 2416 deinde
512 2351 662 2417 adiectos
682 2354 788 2418 fuisse
805 2359 951 2418 ceteros:
975 2351 1167 2438 Antiphon·

111 2474 191 2549 tam,
214 2472 253 2531 ut
277 2467 334 2553 qui
356 2467 485 2551 primus
511 2468 680 2533 orationes
704 2469 846 2554 scriptas
871 2467 1076 2554 reliquisset,
1099 2466 1169 2553 Ly-

108 2602 252 2667 curgum
275 2588 414 2668 propter
437 2583 595 2648 eximiam
624 2584 758 2649 dicendi
786 2584 854 2649 rim
883 2589 917 2647 et
939 2582 1169 2668 acerbitatem,

107 2696 320 2762 Dinarchum
355 2703 393 2762 ut
423 2697 654 2774 felicissimum
685 2699 787 2763 trium
816 2698 916 2764 simul
947 2697 1080 2762 dicendi
1111 2717 1169 2781 ge·

110 2832 235 2877 nerum
261 2812 479 2896 imitatorem,
509 2813 655 2899 denique
678 2812 893 2877 Andocidem
919 2812 1069 2876 infimum
1101 2831 1168 2874 om-

107 2927 219 3009 nium,
249 2928 346 2994 cuius
376 2929 482 2994 oratio
515 2928 558 2993 ab
590 2933 665 2992 arte
695 2934 728 2992 ot
756 2927 898 2993 scientia
920 2928 1035 2992 aliena
1056 2932 1169 2990 tamen

107 3042 283 3129 quandam
308 3045 405 3130 quasi
429 3050 585 3109 naturam
607 3049 820 3130 sequeretur.
866 3041 911 3108 Et
933 3042 1018 3108 haec
1035 3041 1169 3129 quidam

106 3157 278 3242 Meierus3
301 3179 445 3245 quorum
468 3159 535 3224 alia
558 3178 640 3224 vera
664 3163 755 3241 sunt,
779 3158 845 3223 alia
868 3179 944 3223 csse
962 3157 1098 3245 quidem
1119 3156 1169 3220 vi-

108 3272 241 3338 dentur
269 3272 330 3337 scd
360 3272 466 3338 dubia
495 3280 592 3357 sunt,
618 3273 680 3337 illa
711 3293 792 3339 vcro
825 3273 865 3338 de
896 3273 1004 3338 tribus
1036 3271 1170 3338 dicendi

108 3387 295 3474 generibus
326 3389 426 3453 etiam
458 3388 556 3454 falsa.
602 3389 689 3454 Nam
717 3389 861 3475 primum
888 3388 916 3452 si
946 3408 1066 3452 revera
1089 3386 1170 3452 Dio·

107 3502 230 3588 nysius
254 3502 290 3567 id
313 3504 492 3569 consilium
515 3510 653 3569 secutus
679 3510 768 3569 esset
792 3501 884 3590 quod
907 3503 958 3568 vir
975 3503 1095 3568 doctus
1111 3523 1169 3568 vo·

108 3617 186 3700 luit,
208 3638 277 3682 non
300 3625 479 3704 propterca
499 3618 666 3683 Caecilius
691 3619 782 3683 idem
806 3619 928 3684 fecisse
952 3624 1025 3683 erat
1046 3624 1168 3703 putau-

109 3734 186 3800 dus.
222 3732 289 3798 Sed
311 3754 355 3798 ne
367 3733 551 3818 Dionysius
570 3733 708 3821 quidem
731 3741 870 3799 secutus
895 3740 961 3819 est3
985 3751 1169 3820 numquam
1213 3815 1218 3828 ,

109 3849 198 3914 enim
219 3847 486 3913 Demosthenem
509 3849 629 3933 grandi
654 3854 688 3913 et
711 3849 847 3933 copioso
870 3848 932 3913 scd
955 3867 1088 3933 semper
1100 3868 1171 3913 me-

110 3963 168 4028 dio
193 3963 313 4050 generi
336 3962 515 4046 adscribit,
542 3964 639 4028 cuius
667 3964 696 4029 ai
719 3985 788 4029 uon
818 3965 1047 4045 inventorem,
1073 3983 1169 4048 prae·

112 4079 251 4165 cipuum
273 4084 387 4143 tamon
412 4083 492 4143 ante
514 4076 779 4144 Demosthenem
803 4078 969 4144 cultorem
986 4076 1170 4143 Isocratem

112 4193 220 4258 luisse
243 4192 324 4259 dicit
352 4192 463 4278 (Deru.
486 4193 537 4259 vis
562 4213 635 4280 cap.
659 4195 696 4280 33
720 4197 740 4259 8
763 4195 868 4281 sqq.);
894 4194 1011 4280 itaquo
1035 4191 1171 4258 Isaeum
