2872 4946
697 485 894 546 ..4.-

267 657 417 748 opinioni
439 664 628 747 temporum
650 659 737 725 ratio
760 658 817 726 rel
839 660 984 726 maxime
1001 660 1134 748 obstat3
1157 683 1235 728 nam
1251 683 1335 729 oum

266 754 390 844 ¹Suidas
412 776 584 842 rhetorem
606 761 672 842 sub¹
691 775 850 862 Augusto
870 776 1006 842 scholas
1020 777 1149 844 Romae
1164 778 1335 845 habuisse

269 891 369 975 dieat,
401 897 435 957 et
462 892 589 978 scripta
617 891 689 958 eius
716 893 862 978 plurimo
892 913 962 958 non
984 892 1020 959 in
1050 893 1157 981 prima
1179 893 1337 982 Augusti

266 1006 480 1095 imperatoris
502 1013 656 1094 tempora
678 1007 802 1073 eadere
824 1007 1012 1092 uideamus,
1035 1010 1094 1076 vix
1117 1010 1190 1077 fieri
1210 1012 1338 1098 potuit,

268 1129 307 1190 ut
329 1143 419 1190 anno
444 1123 693 1210 septuagesimo
719 1130 797 1189 ante
822 1123 907 1189 Ohr.
930 1125 1129 1218 uicesimum
1151 1127 1337 1212 septimum

270 1240 323 1323 (ut
344 1238 482 1304 minima
506 1238 627 1323 dicam)
653 1260 778 1305 anuum
801 1239 869 1304 iam
892 1240 1107 1307 excessisset.

358 1351 472 1439 Atque
499 1353 585 1420 haec
614 1354 751 1440 quidem
779 1355 822 1421 de
849 1356 1004 1437 nomino,
1033 1357 1161 1443 patria,
1194 1377 1339 1442 genere.

271 1467 415 1544 Quando
439 1488 520 1535 vero
543 1474 655 1552 natus,
679 1470 814 1555 quando
837 1476 991 1536 mortuus
1013 1471 1055 1535 sit
1071 1472 1251 1554 nescimus,
1274 1491 1348 1546 ue·-

273 1603 339 1670 que
363 1584 457 1650 aliud
482 1584 666 1671 quidquam
690 1585 737 1650 de
757 1586 831 1651 eius
846 1586 918 1653 vita
937 1592 1058 1651 uotum
1075 1592 1137 1670 est,
1160 1587 1226 1652 nisi
1243 1587 1339 1673 quod

264 1697 432 1786 Augusto
462 1700 664 1788 imperatore
694 1701 822 1766 Romae
852 1701 1054 1768 rhetoricam
1087 1703 1202 1768 docuit
1230 1702 1341 1768 Suida

273 1820 432 1901 auotore3
457 1817 515 1902 qui
534 1816 626 1902 quod
643 1816 750 1883 verba
761 1815 816 1882 καὶ
837 1816 894 1893 ἕως
908 1814 1067 1902 Ἀδριανοῦ
1092 1817 1220 1883 addidit
1243 1817 1341 1883 haud

274 1929 380 1997 dubis
405 1932 542 2015 erravit,
566 1932 711 1997 sortasse
735 1932 838 1998 alium
862 1932 1047 1998 Caecilium
1071 1933 1228 2019 (Sextum
1253 1933 1341 1999 an-

275 2046 388 2112 cilium
414 2047 488 2114 iure
519 2048 712 2113 consultum
742 2048 934 2135 suspicatur
956 2048 1141 2134 Miillsrus3
1172 2049 1218 2116 cf.
1246 2048 1340 2114 (tell.

275 2161 354 2246 XX,
379 2162 418 2246 1)
448 2185 525 2228 oum
548 2162 722 2228 Calactino
747 2163 973 2229 confundens.
1018 2163 1122 2229 Hunc
1145 2172 1271 2246 autem,
1296 2163 1341 2230 de

277 2299 344 2364 quo
371 2279 519 2366 agimus,
549 2279 694 2346 fortasse
719 2301 739 2344 a
760 2277 801 2343 L.
826 2277 972 2342 Caecilio
997 2275 1155 2361 Metello,
1180 2280 1238 2362 qui
1260 2285 1342 2365 post

276 2393 420 2460 Verrem
444 2417 533 2461 anuo
555 2398 596 2461 70
615 2419 644 2462 o.
665 2396 744 2462 Chr.
791 2394 920 2459 Siciliae
943 2399 1079 2478 praetor
1102 2392 1166 2457 luit
1190 2394 1340 2460 clemen·

211 2537 214 2546 ·
277 2510 426 2578 tissimus
457 2510 541 2596 (Oio.
572 2509 671 2578 Verr.
701 2511 761 2575 lib.
792 2507 868 2591 ΙΙΙ,
901 2509 953 2590 16,
984 2507 1061 2591 43),
1090 2508 1272 2594 puerulum
1301 2509 1338 2573 in

279 2627 414 2693 Italiam
443 2627 680 2694 transductum
708 2625 825 2710 ibique
856 2645 876 2689 a
903 2624 1049 2711 posteris
1071 2622 1205 2688 Metelli
1235 2643 1339 2687 manu

278 2744 417 2810 missum
447 2764 522 2810 esse
551 2743 644 2809 haud
671 2743 854 2808 invenusta
883 2747 936 2806 est
963 2739 1104 2805 Mullcri
1134 2739 1340 2804 coniectura.

278 2858 348 2926 Sed
371 2860 484 2925 obstat
506 2865 696 2945 temporum
726 2857 831 2938 ratio,
863 2856 890 2921 si
923 2855 1060 2941 quidem
1090 2861 1169 2942 post
1191 2852 1342 2938 Augusti

282 2972 411 3039 obitum
435 2993 512 3038 eum
535 2972 647 3038 adhue
668 2973 794 3039 vixisse
820 2992 864 3037 ex
890 2971 995 3037 Suida
1018 2977 1112 3036 recte
1141 2969 1341 3055 colligimus.

370 3088 437 3155 Sed
454 3087 581 3154 iamed
598 3087 743 3153 certiora
759 3087 958 3153 festinemus
979 3094 1023 3170 et,
1045 3107 1113 3173 quo
1130 3085 1341 3173 potissimum

283 3175 461 3291 temporis}
477 3203 584 3291 spatio
608 3202 776 3269 Caecilius
800 3203 969 3286 floruerit,
1002 3201 1144 3267 definire
1168 3220 1340 3266 conemur.

286 3318 332 3386 Et
356 3320 398 3385 ad
421 3318 569 3405 Augusti
596 3318 732 3405 quidem
754 3324 907 3405 tempora
936 3317 1085 3381 refertur
1108 3316 1181 3381 aliis
1206 3335 1341 3401 quoque

283 3433 409 3500 Suidae
439 3434 540 3500 loeis:
570 3455 596 3499 s.
620 3457 652 3501 v.
677 3430 878 3518 Ἑρμαγόρας
900 3430 1026 3518 Τήμυυυ
1049 3467 1091 3478 -—
1120 3429 1277 3495 ἐπαίδευσε
1309 3428 1342 3494 δὲ

283 3539 371 3624 οὗτος
394 3545 474 3632 μετὰ
495 3547 659 3613 Καικιλίου
682 3548 713 3612 ἐν
729 3545 840 3634 Ῥώμῃ
864 3547 913 3614 ἐπὶ
933 3546 1091 3632 Καίσαρος
1112 3543 1265 3631 Aigeiros
1289 3543 1343 3610 καὶ

282 3665 412 3751 τελευτᾷ
433 3659 534 3746 uitio
557 3665 615 3748 τῆς
636 3659 776 3748 ἡλικίαςς
807 3684 908 3749 quem
930 3661 1177 3747 Hermagoram
1207 3667 1245 3727 ut
1268 3681 1342 3725 cum

283 3776 410 3844 Meiere
443 3779 636 3862 (comment.
667 3775 718 3842 IV
755 3777 797 3842 de
828 3777 961 3842 Andoo.
1000 3782 1084 3842 orat.
1119 3782 1238 3842 contra
1266 3773 1342 3840 Alc.

284 3899 354 3958 not.
378 3892 439 3976 35)
466 3893 633 3958 iuniorem
657 3893 828 3980 quendam
852 3913 926 3958 esse
952 3898 1111 3979 putemus
1135 3889 1340 3965 Quintiliano

285 4005 353 4090 ΙΙΙ,
379 4009 410 4090 1,
436 4009 475 4072 18
501 4014 805 4090 commemoratum,
829 4013 955 4072 certam
979 4028 1115 4073 oausam
1138 4027 1207 4072 non
1226 4005 1342 4091 ride03

286 4130 321 4190 et
342 4124 432 4190 idem
454 4145 481 4188 s.
498 4147 530 4192 υ.
547 4126 723 4210 Τιμαγένης
744 4125 961 4209 Timagsnsm
976 4125 1168 4207 σοφιςτεῦσαι
1185 4121 1264 4186 dicit
1280 4119 1341 4185 sub

280 4235 445 4324 'Pompeio
462 4245 496 4305 ot
507 4245 583 4326 post
593 4261 668 4306 eum
681 4238 731 4306 ἐπί
741 4262 777 4305 τε
785 4238 943 4323 Καίσαρος
953 4240 1007 4303 τοῦ
1015 4233 1187 4321 Αὐγούστου
1194 4234 1248 4300 καὶ
1257 4236 1341 4320 μετέ-
