2872 4946
672 456 892 519 ,18-

112 669 119 676 ·
251 631 393 698 diversis
416 630 609 698 nominibus
634 630 825 713 essentusi,
849 629 1008 696 Tiberius
1020 628 1160 715 Apsinis
1179 648 1316 710 nomen,

249 753 288 812 ut
311 767 412 833 quem
435 747 519 812 alias
543 745 642 834 sequi
670 747 813 827 soleret,
840 745 974 811 taeite
1001 744 1115 830 posuit
1143 745 1180 810 in
1201 742 1311 825 initio,

250 861 374 927 deinde
408 862 509 927 etiam
542 859 684 942 anoili,
720 866 758 926 ut
785 880 888 947 quem
917 867 1054 944 praeter
1088 857 1312 928 eonsuetudi-

250 997 329 1042 nem
351 976 416 1042 hoo
442 976 520 1041 loeo
549 981 762 1062 sequeretur.
808 975 972 1042 Similiter
995 975 1078 1041 inde
1101 997 1123 1040 a
1148 996 1227 1061 pag.
1250 976 1315 1040 571

251 1091 437 1156 anoilium
461 1110 535 1155 eam
559 1091 603 1155 ob
626 1110 766 1156 oausam
789 1110 923 1176 semper
952 1092 1052 1157 affert
1082 1096 1117 1156 et
1140 1089 1319 1179 usquead

250 1206 354 1272 linem
377 1204 549 1287 describit,
574 1203 665 1290 quod
690 1205 721 1270 ei
744 1206 811 1270 looi
834 1225 951 1270 omnes
975 1206 1018 1271 ab
1042 1204 1172 1290 Apsine
1189 1205 1319 1271 fuerint

248 1319 380 1385 omissi:
408 1317 465 1405 τὴν
492 1316 526 1384 δὲ
552 1316 737 1384 tradatur
759 1321 897 1406 παρῆκεν
917 1317 1064 1407 Ἀψίνης,
1095 1319 1260 1396 Καικίλιος
1284 1319 1319 1387 δὲ

247 1431 378 1521 ἕηκεν,
395 1471 436 1482 -
452 1432 489 1499 τὸ
506 1432 540 1499 δὲ
555 1436 718 1518 διασυρμοῦ
735 1437 844 1521 σχῆμα
857 1438 996 1521 παρῆκεν
1019 1432 1111 1521 ’Arta
1134 1434 1260 1501 Καικίλ.
1285 1434 1320 1502 δὲ

251 1547 329 1618 αὐτὸ
353 1527 491 1635 diesuna

251 1659 256 1668 '
341 1664 394 1730 De
412 1662 613 1729 Alexandro
631 1663 767 1747 deinde,
791 1664 820 1729 si
844 1684 988 1751 eaquae
1008 1664 1212 1751 supradixi,
1235 1685 1317 1731 oon·

244 1779 468 1861 sideraveris,
490 1778 581 1844 idem
603 1778 676 1844 fere
700 1778 920 1845 statuendum
943 1779 1008 1844 tibi
1033 1781 1110 1863 erit,
1138 1801 1260 1866 nempe
1285 1786 1320 1846 et

251 1895 373 1981 ipsum,
404 1900 443 1960 ut
465 1893 638 1980 plerisque
661 1894 913 1960 recentioribus
937 1894 1125 1981 figurarum
1149 1894 1321 1981 scriptori·

252 2010 318 2076 bus
341 2031 414 2075 mos
431 2016 494 2092 est,
517 2014 653 2075 veteres
670 2015 828 2075 auotores
841 2010 1061 2097 describere3
1085 2031 1229 2097 quorum
1242 2031 1321 2076 oum

247 2124 364 2189 ,solum
385 2123 570 2189 aneilium
593 2124 791 2190 nominatim
815 2123 946 2207 afferat,
971 2145 1049 2190 eum
1073 2145 1210 2213 quoque
1234 2147 1319 2190 non·

253 2240 351 2305 nulla
373 2260 417 2305 ex
439 2240 499 2304 illo
524 2259 681 2306 servasse
703 2240 883 2325 probabile
907 2246 975 2324 est;
999 2241 1035 2304 id
1062 2261 1144 2305 vero
1169 2241 1217 2305 eis
1241 2246 1318 2307 tan-

253 2359 327 2418 tum
356 2353 440 2418 loeis
473 2375 535 2439 pro
567 2360 659 2419 oerto
691 2354 860 2420 affirmare
896 2355 1103 2438 poterimus,
1140 2354 1200 2420 ubi
1243 2355 1318 2420 eius

253 2469 359 2534 verba
382 2489 459 2534 aum
482 2468 683 2534 anoilianis
706 2475 766 2532 aut
788 2467 1033 2542 aQuintiliano
1063 2475 1123 2533 aut
1146 2469 1318 2534 aTiberio
1418 2497 1419 2524 1

253 2583 387 2649 traditis
411 2591 617 2670 congruunt.

343 2697 416 2763 Iam
439 2698 481 2762 de
506 2698 664 2784 singulis,
693 2715 781 2783 quae
804 2696 839 2759 in
863 2695 1066 2782 fragmentis
1089 2696 1183 2763 infra
1205 2697 1320 2783 posui·

254 2835 345 2896 mus,
372 2813 457 2878 nihil
480 2811 686 2877 monendum
710 2818 762 2876 est
784 2812 864 2894 nisi,
892 2812 928 2878 id
953 2811 1051 2900 quod
1078 2812 1191 2878 statim
1212 2813 1320 2898 primo

253 2926 535 3012 adspeotupatet,
559 2926 754 3011 anoilium,
774 2948 852 2992 oum
868 2946 979 3014 paone
998 2927 1176 2991 molestam
1195 2925 1320 3011 ligura·

255 3063 330 3106 rum
351 3041 602 3106 multitudinem
626 3042 870 3126 congessisset,
898 3041 1037 3106 minima
1066 3061 1225 3128 quaeque
1253 3042 1320 3106 dis-

250 3159 397 3223 arimina
426 3158 569 3243 propriis
603 3155 796 3221 nominibus
828 3160 986 3240 notasse;
1024 3154 1085 3220 sed
1115 3175 1159 3221 ne
1186 3157 1323 3222 nomina

252 3272 395 3359 quidem
419 3277 496 3358 apte
517 3273 659 3338 inventa
683 3290 759 3336 esse
783 3276 817 3335 ιι
840 3268 1076 3345 Quintilianus
1105 3272 1148 3336 ad
1176 3275 1322 3337 πλεονασ-

257 3385 315 3470 μὸν
339 3387 395 3472 (fr.
418 3387 475 3469 39)
499 3385 632 3452 monuit
654 3391 689 3450 et
711 3385 746 3449 in
770 3384 836 3450 alia
859 3405 1009 3472 quoque,
1034 3386 1122 3450 siout
1149 3383 1324 3471 μεταβολὴν

259 3502 314 3586 (fr.
338 3502 408 3584 35),
431 3502 604 3567 convenit.

347 3614 415 3681 Sed
441 3615 486 3680 ad
513 3616 641 3680 maiora
664 3613 865 3679 festinemus
889 3612 924 3677 id
947 3613 1164 3699 potissimum
1185 3614 1324 3679 intuen-

256 3737 326 3813 tes,
361 3730 443 3819 quid
464 3732 499 3796 in
523 3729 722 3795 universum
751 3726 794 3794 de
825 3726 944 3813 figuris
968 3727 1173 3794 iudicaverit
1195 3728 1324 3794 rhetor.

166 3902 169 3906 .
257 3843 331 3910 Iam
354 3866 432 3910 oum
453 3844 730 3910 Phoebammone
752 3848 840 3908 teste
858 3844 966 3929 σχῆμα
988 3861 1064 3908 esse
1086 3842 1234 3909 voluerit
1256 3866 1324 3929 τρο-

257 3957 320 4046 πὴν
342 3959 386 4036 εἰς
407 3957 443 4024 τὸ
459 3955 504 4044 μὴ
526 3955 612 4023 κατὰ
627 3955 715 4044 φύσιν
738 3956 794 4040 (fr.
809 3956 878 4038 41),
903 3956 930 4020 si
947 3977 1025 4020 oum
1039 3955 1096 4022 his
1116 3957 1324 4023 conferimus

260 4094 348 4161 quae
372 4094 474 4159 supra
497 4074 540 4138 de
562 4071 782 4159 Antiphontis
806 4070 924 4158 figuris
950 4072 1167 4138 disseruerat
1195 4072 1252 4158 (fr.
1277 4074 1324 4155 5),

259 4189 372 4256 statim
398 4187 578 4275 utriusque
611 4187 679 4252 looi
708 4186 886 4273 apparebit
920 4185 1128 4273 similitud03
1160 4186 1207 4253 ibi
1235 4187 1327 4252 enim
