2872 4946
694 459 914 521 ..52-

281 634 393 717 Isaeo,
427 639 500 700 tum
528 633 674 698 maxime
703 632 746 698 de
781 631 954 698 Dinarcho
985 631 1110 696 iudicio
1144 630 1340 715 perspicere

281 751 371 816 licet.
418 748 543 824 Quidni
570 769 668 831 vero,
701 747 791 812 dicat
822 747 960 831 aliquis,
988 744 1206 831 Dionysium,
1239 764 1340 828 quem

279 885 349 931 une
375 886 450 931 cunr
479 862 626 928 Caecilio
658 862 758 928 affert
786 867 904 926 auctor
930 861 966 924 in
989 859 1094 946 Lysia
1124 864 1157 925 et
1186 858 1340 925 Isocrate

280 981 336 1064 (fr.
360 983 391 1045 8.
418 979 489 1063 10),
520 999 635 1044 earum
663 998 778 1042 rerum
806 982 979 1042 auctorem
1009 975 1134 1041 vocas?
1179 975 1340 1057 Primum,

281 1093 374 1178 quod
396 1094 458 1159 ille
480 1114 549 1158 non
573 1092 616 1158 de
639 1091 771 1158 cunctis
797 1091 915 1155 decem
933 1090 1126 1155 oratoribus
1142 1088 1340 1174 scripserat,

281 1209 406 1275 deinde
430 1209 533 1294 quod,
555 1214 594 1274 ut
618 1213 697 1274 sunt
720 1208 821 1293 plura
844 1227 932 1292 quae
945 1205 1094 1271 Caecilio
1119 1207 1270 1290 faveant,
1292 1208 1341 1272 ita

282 1325 384 1390 etiam
406 1344 476 1388 non
498 1323 606 1407 nulla,
631 1343 718 1408 quae
743 1329 860 1388 contra
883 1321 1085 1408 Dionysium
1107 1328 1273 1407 pugnent,
1298 1309 1340 1387 de

281 1440 405 1525 quibus
438 1438 520 1504 alibi
551 1439 747 1524 singulatim
781 1438 1025 1523 disputavimus
1059 1437 1117 1521 (ef.
1141 1457 1244 1523 supra
1266 1442 1340 1503 not.

281 1556 334 1620 20.
359 1556 416 1638 293
441 1554 591 1639 epimetr.
616 1552 678 1636 ΙΙ).
732 1552 854 1638 Itaque
882 1552 943 1618 ubi
967 1557 1112 1636 uterque
1135 1551 1341 1634 nominatur,

281 1669 339 1756 qui
360 1669 446 1734 haec
470 1668 642 1753 excerpsit
666 1668 756 1754 apud
773 1667 957 1734 caecilium
973 1666 1175 1753 Dionysium
1199 1643 1341 1731 allatum

279 1785 455 1850 invenisse
479 1783 680 1848 statuendus
704 1789 766 1848 est.

705 2065 915 2076 m...

637 2309 899 2392 Epimetrum
925 2311 980 2379 IL

417 2490 458 2554 ite
482 2486 613 2554 caecilio
636 2485 695 2552 ioci
720 2473 820 2551 vit'x
842 2500 903 2551 ora
929 2485 994 2552 836
1021 2487 1044 2552 d
1067 2485 1201 2552 auctore.

370 2697 465 2772 Quae
490 2717 530 2762 eo
555 2696 630 2760 loeo
656 2697 774 2780 (supra
790 2694 832 2759 fr.
850 2695 885 2778 8)
910 2701 1129 2782 exponuntur
1153 2696 1195 2761 de
1219 2696 1346 2783 Lysiae

282 2812 425 2897 scriptis,
461 2811 574 2876 omnia
610 2830 678 2874 non
702 2816 830 2874 temere
860 2809 987 2874 collata
1009 2829 1084 2874 esse
1112 2811 1173 2874 sed
1201 2812 1347 2897 vestigia

283 2925 450 3010 quaedam
460 2924 550 2989 ferre
563 2923 725 2989 videntur
732 2923 865 3009 pristini
873 2923 1049 2988 cuiusdam
1057 2943 1170 2988 rerum
1179 2945 1346 3009 conexus,

283 3040 341 3125 qui
363 3040 474 3106 veloci
497 3039 705 3124 excerptoris
728 3058 831 3104 manu
853 3039 1036 3104 admodum
1057 3039 1257 3104 obscuratus
1282 3046 1345 3105 est.

282 3154 370 3220 Eum
395 3160 507 3219 autem
532 3173 701 3219 conexum
723 3153 815 3219 hunc
841 3173 915 3218 esse
932 3158 1054 3218 statuo.
1099 3153 1249 3218 Primum
1266 3175 1347 3220 auc·

199 3327 201 3332 .
281 3277 338 3335 tor
359 3276 543 3355 postquam
567 3270 758 3335 orationum
781 3270 1005 3355 genuinarum
1029 3291 1207 3336 numerum
1222 3270 1346 3355 posuit,

283 3405 400 3451 earum
423 3405 494 3449 non
517 3385 634 3450 nullas
663 3389 696 3450 et
720 3391 834 3451 cetera
850 3384 975 3471 Lysiae
991 3386 1117 3471 scripta
1132 3386 1230 3450 affert
1246 3385 1347 3449 simul

283 3498 326 3564 de
361 3519 488 3584 genere
525 3498 661 3564 dicendi
696 3501 863 3586 quaedam
898 3501 1077 3565 adnotans.
1123 3498 1196 3564 Iam
1232 3505 1346 3563 autem

284 3613 430 3679 duarum
454 3618 592 3679 tantum
616 3614 805 3680 orationum
827 3615 945 3679 titulos
968 3617 1158 3697 recensuit,
1189 3613 1346 3678 nimirum

284 3749 399 3794 earum
424 3749 508 3814 quas
532 3727 655 3816 Lysias
677 3729 750 3814 ipse
773 3729 937 3794 habuisse¹
961 3729 1153 3810 videbatur,
1177 3734 1215 3794 ut
1238 3727 1345 3812 Saup-

283 3845 358 3931 pius
383 3845 440 3910 Or.
461 3843 533 3910 Act.
554 3843 586 3908 V
608 3866 686 3931 pag.
707 3847 748 3910 81
773 3851 866 3912 recte
890 3846 1079 3930 suspicatus
1105 3850 1156 3908 est
1180 3843 1228 3927 (id
1254 3843 1345 3927 quod

284 3960 327 4025 de
361 3959 634 4027 Eratosthenis
660 3966 809 4046 certum;
846 3960 888 4025 de
915 3960 978 4024 illa
1008 3966 1125 4025 contra
1155 3958 1346 4024 Archinum

284 4075 465 4140 verisimile
490 4074 646 4161 quidem;
670 4096 749 4140 nam
770 4075 876 4159 ipsius
899 4073 1024 4160 Lysiae
1049 4095 1090 4140 ea
1112 4094 1217 4138 causa
1239 4073 1343 4157 erat);

284 4193 415 4256 ceteras
438 4169 519 4255 uero
550 4187 635 4274 (τοὺς
657 4186 800 4273 πολλοὺς)
827 4187 1005 4255 iudiciales
1037 4186 1225 4268 orationes,
1256 4206 1342 4270 ques
