2872 4946
517 453 738 516 ..41-

179 630 233 695 Fr.
258 629 301 694 32
331 623 540 714 ἀφαίρεσις
574 649 638 694 non
669 628 786 713 liquet,
817 626 895 712 quid
922 627 982 695 hoc
1004 629 1162 698 vocabulo

92 743 305 827 significetur3
338 738 449 820 λέξεως
482 743 612 826 quidem
646 737 804 828 ἀφαίρεσιν
838 743 966 810 videtur
997 743 1160 812 Caecilius

93 856 245 924 statuisse
268 857 303 922 in
324 856 376 922 his
399 859 570 924 verborum
592 855 705 924 formis
728 852 907 942 tobu'puccu
928 867 961 924 ct
984 854 1162 942 τιτάχατσι

91 991 172 1054 quac
197 971 284 1056 apud
308 972 409 1038 Thuc.
435 971 493 1052 111,
519 973 571 1056 13,
594 974 618 1035 4
639 973 798 1056 leguntur.

178 1089 233 1154 Fr.
258 1089 301 1153 33
324 1081 518 1163 ἀλλοίωσις
538 1081 707 1170 ὀνομάτων,
737 1082 913 1172 προσώπων,
945 1082 1060 1172 χρόνων
1093 1087 1163 1174 (ae-

88 1198 175 1265 cedit
196 1200 337 1267 fortasse
360 1196 481 1278 παῖνῶν,
505 1201 534 1266 si
557 1202 687 1285 quidem
709 1201 898 1270 Alexander
920 1197 988 1288 cept
1010 1224 1057 1286 σχ.
1082 1223 1159 1290 pag.

87 1316 151 1380 471
167 1336 238 1398 sqq.
256 1316 369 1383 codem
393 1336 456 1400 quo
475 1318 626 1384 Tiberius
650 1325 781 1384 anctore
806 1331 884 1385 usus
904 1316 986 1403 est);
1010 1319 1160 1404 exempla

90 1431 268 1496 afferuntur
292 1431 517 1518 Thucydidca,
541 1432 808 1517 Demosthenica,
841 1434 1041 1519 Eupolidea,
1071 1435 1161 1500 Euri·

88 1545 199 1630 pidea.
1037 1521 1040 1528 ‚

184 1661 233 1726 h'r.
247 1663 291 1726 et
315 1652 564 1745 παρεμβολῆς
588 1663 690 1730 verba
712 1661 797 1728 inter
820 1661 976 1728 orationis
1000 1661 1160 1730 continua·

88 1777 210 1844 tionem
252 1777 435 1861 interiecta3
470 1777 619 1862 eiempla
657 1797 696 1842 cr
732 1775 943 1861 Thucydide,
983 1776 1160 1860 Herodoto,

88 1890 257 1976 Euripide.
1092 1936 1094 1945 ‚

183 2007 234 2071 Fr.
259 2003 302 2070 35
326 2005 458 2082 Quintil.
483 2005 545 2089 IX,
577 2006 607 2089 3,
637 2006 680 2070 38
709 2004 794 2071 hanc
824 2024 929 2071 rernm
960 2006 1096 2072 coniunc

88 2121 316 2187 diversitatem
340 2119 501 2187 Caecilius
525 2114 748 2204 μεταβολὴν
771 2127 876 2204 vocat,
900 2120 1006 2204 qualis
1030 2128 1080 2186 est
1102 2141 1161 2206 pro

91 2238 242 2304 Cluentio
273 2238 362 2303 locus
396 2236 429 2301 in
452 2235 667 2322 Oppianicum
701 2235 787 2321 (cap.
822 2233 873 2320 14,
897 2233 926 2320 S.
950 2232 1160 2321 41):i11um

91 2349 225 2417 tabutas
250 2349 396 2436 publicas
423 2390 463 2400 -
487 2352 671 2437 corrupisse
694 2387 734 2400 -
761 2371 843 2416 cnm
865 2350 938 2418 illo
959 2350 1026 2416 iam
1049 2370 1158 2418 nemo

91 2467 250 2533 rationem
275 2503 317 2514 -
340 2466 573 2552 contrahebat;
602 2486 718 2533 nemo
748 2466 864 2532 illum
893 2502 946 2553 -,
977 2488 1087 2534 nemo
1113 2465 1161 2532 il·

91 2583 172 2647 lum
196 2621 248 2664 -‚
272 2602 390 2648 nemo
413 2619 466 2665 -‚
490 2602 627 2649 omnes
652 2584 921 2668 aspernabantur,
945 2603 1079 2650 omnes
1103 2581 1161 2649 ab

92 2695 273 2763 horrebant
295 2705 356 2763 etc.
373 2696 413 2781 ³⁸)

180 2809 235 2878 Fr.
259 2813 302 2877 36
325 2811 436 2890 Quint.
458 2811 516 2896 IX,
541 2814 571 2897 3,
595 2813 636 2878 91
662 2812 834 2879 verborum
862 2819 966 2878 autem
998 2810 1160 2877 concinna

91 2927 321 3011 transgressio,
356 2927 390 2991 id
424 2933 475 2993 est
508 2927 784 3012 hyperbaton,
819 2922 923 3008 quod
952 2924 1159 2991 Caecilius

92 3060 253 3124 quoque
291 3047 409 3125 putat
443 3039 625 3127 schema,
660 3062 681 3107 a
715 3040 810 3106 nohis
845 3045 897 3106 est
930 3039 1015 3106 inter
1047 3046 1158 3124 tropos

93 3156 211 3240 posita.
228 3153 267 3240 ³⁴)

164 3419 196 3483 ⁸⁸)
214 3417 259 3471 Ex
276 3418 329 3473 hoc
348 3417 477 3487 exempto
495 3416 614 3472 divinari
632 3415 704 3485 licet,
724 3416 856 3486 quidnam
868 3417 1006 3474 Caecilius
1025 3416 1160 3487 volucrit3

92 3522 155 3561 nam
173 3506 253 3561 huius
272 3521 403 3577 graccum
422 3505 578 3579 exemplum
590 3506 678 3561 lutino
690 3505 858 3561 simillimum
869 3505 959 3562 fuisse
971 3520 1090 3562 neccsse
1103 3511 1157 3562 est.

164 3596 197 3662 θ’)
216 3593 264 3650 Ad
292 3594 445 3652 Caecilium
468 3593 553 3664 igitur
576 3595 716 3665 respicere
744 3595 856 3651 videtur
874 3595 988 3661 Quintil.
1007 3595 1056 3665 IX,
1076 3597 1101 3664 8,
1120 3597 1155 3652 23

95 3682 160 3747 „itta
179 3697 289 3752 qnoque
314 3698 349 3738 ex
375 3683 473 3738 codem
491 3698 594 3754 genere
610 3689 729 3752 possunt
752 3683 857 3739 videri:
881 3696 962 3738 unum
981 3683 1056 3752 qnod
1073 3683 1156 3738 inter-

7 3779 8 3786 ’
93 3770 260 3840 positionem
267 3772 314 3826 vel
325 3771 551 3826 interclusionem
561 3771 686 3842 dicimus,
701 3771 986 3844 Graecinaps'rtccw,
995 3772 1161 3842 παρέμπτω-

7 3897 8 3906 .
93 3876 139 3912 w
155 3863 259 3914 vocant
276 3862 322 3928 (bn
340 3859 447 3917 caecili
466 3861 642 3933 παρεμβολὴν
658 3861 847 3932 significati),
871 3860 936 3915 dnm
959 3859 1161 3915 continuationi

94 3947 229 4002 sermonis
247 3947 355 4003 medius
376 3947 477 4020 aliquis
498 3963 600 4004 sensns
618 3948 773 4005 intervenit
795 3979 829 3990 —
854 3948 898 4003 cui
916 3947 1042 4004 adiciunt
1059 3946 1160 4017 hypor-

7 4091 8 4102 ,
94 4034 187 4106 baton,
208 4035 301 4106 qnod
318 4035 412 4092 inter
429 4042 555 4106 tropos
574 4051 654 4093 esec
671 4039 887 4093 noluerunt“
907 4041 959 4093 etc.
978 4034 1014 4091 ct.
1034 4034 1159 4090 Alexan·

7 4105 8 4136 ¹
94 4123 171 4182 drum
188 4139 254 4195 pag.
271 4126 326 4182 488
344 4140 369 4182 a.
386 4140 414 4181 v.
433 4125 591 4196 παρεμβολή
610 4125 691 4180 huius
710 4131 739 4180 et
757 4125 905 4196 hyperbati
922 4125 1072 4196 figuranrm
1085 4124 1159 4180 simi·

7 4285 8 4300 ¹
93 4210 236 4266 titudinem
254 4217 283 4266 ct
302 4212 516 4282 discrepantiam
534 4219 734 4284 exponentem
754 4215 882 4285 quicum
899 4215 938 4270 cd
949 4220 1068 4286 παρομρ.
1087 4212 1161 4268 idem
