2872 4946
540 442 737 504 ..7-

108 619 209 684 cilius
232 617 376 703 scripsit,
399 637 498 681 nemo
523 615 718 704 diligentius
741 623 774 686 et
795 616 886 682 omni
907 625 1067 705 exparte
1091 618 1168 684 fun·

111 742 188 801 ctus
213 740 301 820 erat;
323 754 402 800 nam
424 733 608 820 Dionysius
633 732 770 819 quidem
794 734 946 818 quamvis
970 735 1086 820 paucis
1111 757 1170 800 an·

109 849 161 914 nis
178 854 257 914 ante
272 849 440 915 novamin
459 847 525 912 hcc
544 848 741 934 disciplinae
758 869 875 934 campo
892 849 981 914 viam
994 850 1168 936 ingressus

110 963 153 1030 de
172 963 287 1051 Lysia,
311 963 474 1047 Isocrate,
495 962 606 1047 Isaeo,
622 963 865 1047 Demosthene,
890 963 1074 1049 Aeschine,
1096 966 1168 1053 Hy-

108 1080 238 1168 peride,
270 1079 442 1144 Dinarchc
468 1079 724 1144 commentarios
754 1079 930 1162 edidisset,
959 1086 1072 1145 tamen
1096 1082 1168 1147 eius

108 1194 256 1259 rhetoris
278 1194 403 1258 iudicia
424 1194 547 1260 iterum
572 1201 668 1260 erant
692 1187 917 1260 examinanda
936 1202 969 1260 et
987 1196 1028 1262 de
1046 1198 1169 1263 ceteris

112 1309 303 1375 oratoribus
319 1308 361 1373 de
376 1308 509 1393 integro
524 1308 774 1404 inquirendum.
825 1309 1051 1376 Callimachus
1071 1313 1170 1395 enim,

110 1425 207 1491 cuius
222 1423 362 1489 tabulae
381 1430 453 1488 tum
469 1445 530 1510 per
546 1424 694 1488 omnium
716 1446 836 1490 manus
862 1425 1072 1509 serebantur,
1094 1427 1170 1512 plu·

109 1540 232 1604 rimum
255 1540 382 1606 laboris
405 1539 513 1625 poetis
537 1539 715 1621 tribuerat,
739 1541 781 1604 de
806 1541 997 1605 oratoribus
1020 1541 1172 1606 breviter

113 1661 146 1719 et
168 1655 277 1720 multa
298 1661 426 1720 temere
451 1661 583 1741 egerat,
613 1657 661 1720 ita
684 1663 733 1738 ut,
758 1656 815 1741 qui
838 1656 953 1742 paullo
978 1658 1168 1721 accuratius

112 1774 146 1834 et
170 1771 360 1835 orationum
384 1770 555 1836 scribendi
579 1791 688 1857 genus
713 1779 746 1836 et
769 1792 882 1836 rerum
898 1778 1071 1856 gestarum
1086 1779 1170 1837 tem-

110 1905 195 1970 pora
221 1885 420 1972 inspiceret,
449 1905 526 1950 eum
555 1886 654 1950 facilc
682 1887 864 1952 multorum
894 1907 1047 1951 errorum
1078 1887 1169 1952 dam-

115 2001 267 2084 naret*).
314 2000 427 2076 Quare
454 2002 582 2066 multus
612 2002 721 2066 estin
746 2001 952 2067 Callimacho
977 2003 1100 2067 acriter
1121 2003 1170 2068 ri·

111 2116 303 2202 tuperando
321 2116 505 2202 Dionysius
523 2138 599 2182 cum
618 2116 700 2182 alibi
716 2123 787 2181 tum
801 2117 837 2180 in
856 2116 1027 2182 Dinarcho
1052 2139 1125 2203 cap.
1152 2119 1168 2180 1

113 2231 171 2317 (V,
193 2233 257 2297 630
274 2231 346 2317 a.);
368 2232 527 2318 idemque
549 2231 715 2298 Caecilius
735 2232 857 2297 fecisse
881 2233 1017 2298 videtur
1040 2233 1096 2317 (fr.
1113 2233 1170 2317 20)

113 2368 190 2412 oum
208 2369 331 2433 magna
348 2348 401 2413 sui
414 2348 520 2434 ipsius
538 2348 653 2412 iudicii
669 2347 885 2413 confidentia.
921 2347 1043 2433 Neque
1057 2354 1171 2412 tamen

112 2462 232 2550 negari
258 2462 383 2548 poterit
411 2483 488 2527 eum
516 2461 769 2548 diligentissime
797 2469 911 2548 partes
942 2484 1020 2527 suas
1046 2464 1170 2548 egisse;

113 2583 168 2647 cui
188 2582 238 2647 rei
257 2583 447 2647 testimonio
465 2593 515 2646 est
534 2582 626 2668 apud
642 2583 846 2668 posteriores
870 2581 1026 2646 rhetores
1049 2581 1172 2645 eximia

111 2697 177 2764 viri
209 2697 407 2782 auctoritas3
447 2718 524 2761 nam
557 2717 658 2782 saepe
693 2718 769 2762 enm
802 2694 936 2782 κριτικὸν
964 2696 1198 2803 appellatum,

139 2815 183 2880 cf.
212 2814 323 2879 locum
352 2834 453 2900 supra
481 2814 622 2879 allatum
658 2813 699 2877 fr.
726 2815 784 2898 203
808 2814 850 2878 fr.
872 2813 929 2897 9¹³3
968 2812 1009 2877 fr.
1033 2813 1092 2876 13b
1119 2808 1175 2878 οὐκ

113 2928 280 3014 ἐγκρίνει
309 2927 401 2994 αὐτὸν
431 2925 649 3008 ὃΚαικίλιος,
679 2928 770 3014 quod
801 2929 946 2994 verbum
971 2948 1047 2992 eum
1071 2927 1171 3012 signi-

112 3044 205 3126 fieat,
229 3043 287 3129 qui
310 3044 459 3109 omnium
483 3044 580 3129 quasi
603 3064 712 3108 canon
730 3050 763 3107 et
777 3044 899 3129 regula
915 3042 956 3106 sit
976 3041 1170 3124 habendus)

115 3160 245 3225 eteius
276 3159 400 3224 iudicia
431 3159 532 3224 tacite
564 3160 750 3246 apostoris
780 3158 925 3245 probata
952 3158 1056 3222 fuisse
1079 3155 1172 3222 vide-

112 3296 188 3340 mus
213 3275 272 3358 (cf.
291 3273 416 3340 Suidae
434 3275 720 3342 enumerationem
737 3273 935 3358 scriptorum
952 3271 1172 3359 Lysiacorum

115 3397 186 3456 not.
214 3391 255 3455 10
280 3397 314 3454 et
336 3389 594 3477 Lycurgeorum
617 3390 659 3454 fr.
685 3390 755 3474 15),
785 3389 975 3454 testimonio
1000 3394 1078 3453 sunt
1099 3388 1173 3474 ipsa

115 3505 317 3590 fragmenta¹
336 3506 372 3569 in
403 3505 480 3570 vitis
503 3504 537 3569 X
560 3511 732 3570 oratorum
765 3504 944 3569 exstantia.
988 3503 1076 3567 Nam
1104 3522 1173 3565 non

111 3621 215 3686 modo
244 3621 468 3706 genuinarum
499 3621 756 3708 spuriarumque
784 3621 972 3685 orationum
1002 3637 1173 3700 numeros,
1274 3707 1276 3714 Α

115 3734 177 3800 sed
201 3734 322 3799 harum
347 3735 482 3820 quidem
501 3735 653 3818 singulos
671 3755 806 3820 quoque
827 3734 957 3816 titulos,
980 3733 1044 3798 nisi
1059 3731 1173 3814 fallor,

113 3849 285 3915 Caecilius
310 3851 465 3937 adposuit
489 3850 547 3935 (cf.
564 3852 606 3915 fr.
623 3853 654 3915 3.
675 3851 752 3935 ln),
776 3850 921 3915 sortasse
945 3868 1076 3930 causas,
1101 3847 1171 3932 qui·

185 4063 211 4131 *)
234 4063 278 4118 De
303 4079 358 4134 qua
375 4079 405 4118 rc
428 4062 463 4119 cs.
482 4064 627 4119 Rehdantz
654 4063 683 4118 in
710 4061 834 4119 Schaferi
858 4062 930 4118 libro
955 4060 1172 4128 ,Demosthenes

111 4153 171 4207 und
190 4151 269 4208 seina
287 4153 363 4207 Zeit“
383 4154 437 4210 vol
458 4153 511 4210 111.
529 4155 562 4209 B.
584 4151 748 4220 ,Schluss“;
773 4152 808 4206 de
835 4150 936 4206 ceteris
960 4155 1027 4220 post
1045 4149 1174 4206 Callima-

111 4242 194 4297 chum
212 4241 398 4313 grammaticis
416 4241 512 4296 hleieri
525 4244 670 4296 comment.
689 4239 724 4294 de
737 4239 847 4295 Andoc.
860 4243 929 4295 orat.
942 4243 1028 4294 contr.
1046 4237 1109 4294 Alo.
1123 4237 1173 4294 lV.
