2872 4946
661 440 881 500 „44-

241 607 400 696 μάτιστον,
422 612 455 677 id
479 620 531 680 est
552 621 716 680 essentem
740 615 861 699 figuris,
877 613 917 698 m)
943 614 1028 698 quod
1046 615 1158 682 vitium
1174 636 1239 682 non
1263 617 1321 682 im·
1423 635 1428 648 ·

242 734 291 793 ter
313 728 446 794 minima
468 735 536 813 est;
559 729 658 794 aliem
681 727 953 814 ἐσχηματισμένην,
987 729 1021 795 id
1043 737 1095 798 est
1125 731 1320 813 figuratam.
1420 757 1434 792 :¹

240 840 287 908 Id
309 842 445 926 ipsum
468 849 604 910 tamen
626 850 799 927 anguste
823 846 970 911 Zoilus
994 846 1248 930 terminavit,
1265 844 1315 933 ³⁸)
1421 874 1427 908 z

241 957 296 1040 qui
318 956 352 1022 id
376 959 480 1024 solum
501 965 664 1043 putaverit
687 959 828 1042 schema,
852 981 915 1042 quo
938 960 1026 1026 aliud
1049 961 1220 1028 simuletur
1242 960 1317 1028 diei
1421 991 1426 1002 ·

241 1091 338 1153 quam
360 1072 483 1155 dieitur,
508 1074 593 1156 quod
618 1093 698 1140 sane
732 1074 828 1158 vulgo
862 1096 988 1159 quoque
1020 1077 1067 1140 sie
1090 1077 1194 1161 seeipi
1225 1078 1318 1162 seio;

241 1186 328 1252 unde
351 1196 384 1252 et
407 1188 586 1272 „figuratae
619 1188 882 1255 controversiae“
916 1191 1088 1275 quaedam,
1118 1192 1159 1258 de
1190 1193 1315 1274 quibus
1428 1227 1432 1262 ε

241 1302 338 1386 paulo
372 1309 446 1388 post
481 1303 599 1389 dicam,
633 1312 799 1371 vocantur.
860 1307 946 1390 Ergo
980 1307 1084 1390 figura
1119 1308 1178 1374 sit:
1213 1314 1317 1374 arte
1432 1344 1434 1352 ·

242 1417 388 1500 alique
410 1427 561 1486 novata
583 1419 715 1484 forma
738 1420 911 1486 dicendi.

656 1752 749 1840 Περὶ
769 1750 891 1842 ὕψους.

330 1902 382 1965 Fr.
407 1901 460 1965 43.
485 1898 736 1983 Pseudolongin.
761 1920 792 1962 π.
816 1891 869 1983 itt.
892 1900 962 1966 init.
986 1892 1022 1962 τὸ
1046 1897 1101 1984 μὲν
1123 1895 1176 1964 τοῦ
1200 1903 1316 1964 Καικι-
1426 1903 1435 1958 ,ζ

241 2011 304 2077 λίου
327 2009 583 2099 συγγραμμάτων,
606 2006 623 2078 ὃ
645 2009 727 2097 περὶ
748 2007 864 2098 ὕψους
891 2009 1090 2093 συνετάξατο,
1120 2010 1315 2079 ἀνασκοπου-

242 2127 341 2213 μένοις
365 2120 438 2212 ἡμῖν
461 2120 504 2204 ὧς
522 2120 616 2194 οἶαῗια
636 2124 732 2211 κοινῇ,
759 2123 930 2211 Ποστούμιε
961 2129 1140 2213 Τερεντιανέ
1169 2126 1314 2214 φίλτατε,

241 2237 449 2326 ταπεινότερον
471 2239 568 2328 ἐφάνη
591 2239 649 2326 τῆς
670 2236 742 2326 ὅλης
752 2234 926 2317 ὑποδέσεως
944 2239 998 2307 καὶ
1019 2237 1135 2327 ἥκιστα
1156 2240 1219 2308 τῶν
1241 2267 1314 2310 και-
1429 2298 1432 2306 .

240 2355 310 2441 ρίων
332 2353 548 2442 ἐφαπτόμενον,
583 2352 616 2421 οὐ
639 2353 751 2421 πολλάν
773 2379 808 2421 τε
831 2352 976 2443 ὠφέλειαν
994 2395 1036 2404 -
1052 2355 1221 2444 περιποιοῦν
1242 2364 1316 2437 τοῖς

239 2469 474 2555 ἐντυγχάνουσιν,
496 2468 528 2535 εἴ
549 2465 574 2555 γ’
605 2467 655 2536 ἐπὶ
682 2468 785 2555 πάσης
805 2470 998 2554 τεχνολογίαις
1020 2475 1097 2538 δυεῖν
1120 2469 1311 2557 ἀπαιτουμέ-

238 2609 305 2665 νων,
335 2585 478 2670 προτέρου
505 2583 560 2669 μὲν
586 2588 640 2649 τοῦ
673 2583 777 2664 δεῖξαι,
806 2584 840 2649 τί
868 2582 905 2651 τὸ
931 2579 1136 2672 ὑποκείμενον,
1166 2589 1311 2672 δευτέρου

238 2698 271 2766 δὲ
292 2696 334 2784 τῇ
358 2696 453 2780 τάξει,
475 2723 516 2784 τῃ
540 2696 664 2786 δυνάμει
691 2697 725 2765 δὲ
750 2701 941 2786 κυριωτέρου,
969 2703 1036 2777 πῶς
1067 2696 1105 2768 άν
1133 2696 1208 2788 ἡμῖν
1231 2698 1312 2770 αὐτὸ

236 2813 327 2881 τοῦτο
349 2813 403 2880 καὶ
420 2811 457 2880 δι’
484 2805 526 2880 ὦν
548 2838 638 2882 τινων
660 2813 799 2907 μελέδων
821 2812 935 2900 κτητὸν
957 2817 1083 2900 γένοιτο,
1105 2811 1311 2902 ὅμωςὸΚαι-
1433 2853 1434 2858 ¹

237 2929 332 3006 κίλιος
353 2937 437 2996 ποῖον
460 2931 515 3016 μέν
544 2953 576 2996 τι
604 2923 733 3017 ὑπάρχει
761 2927 797 2995 τὸ
816 2923 931 3017 ὑψηλὸν
954 2926 1005 2997 διὰ
1028 2932 1139 3017 μυρίων
1162 2928 1241 3000 ὅσων
1264 2928 1312 3013 ὧς

238 3042 376 3129 ἀγνοοῦσι
397 3042 539 3130 πειρᾶται
560 3042 716 3124 δεικνύναι
738 3038 774 3110 τὸ
801 3043 834 3110 δέ
856 3042 888 3110 δι’
915 3039 987 3111 ὅτου
1015 3044 1127 3132 τρέπου
1154 3042 1216 3125 τὰς
1237 3048 1309 3114 έαυ-

236 3157 299 3226 miv
321 3157 423 3247 φύσεις
443 3155 584 3246 προάγειν
608 3156 757 3244 ισχύοιμεν
780 3156 818 3224 άν
841 3159 884 3235 εἰς
905 3154 1002 3245 ποσὴν
1031 3162 1182 3246 μεγέὲιους
1208 3161 1309 3229 έπίδο-

237 3296 291 3353 σιν,
319 3271 374 3340 οὐκ
399 3267 451 3340 οἶδ’
477 3272 561 3351 ὅπως
587 3268 629 3351 ὦς
657 3271 712 3340 οιύι
742 3271 907 3357 ἀναγκαῖον
936 3274 1107 3360 παρέλιπεν·
1130 3270 1210 3361 πλὴν
1232 3268 1311 3356 ἴσοις

236 3387 355 3456 τουτονὶ
377 3389 431 3476 μὲν
453 3384 505 3456 τὸν
527 3384 624 3475 άνδρα
646 3385 700 3471 οὐχ
722 3383 819 3464 οὕτως
841 3385 1003 3456 αἰτιᾶσλαι
1025 3388 1087 3456 τῶν
1115 3393 1308 3479 ἐκλελειμμέ-

235 3528 294 3570 νον
317 3497 359 3580 ὥς
381 3502 478 3590 αὐτῆς
499 3501 558 3589 τῆς
575 3501 707 3578 ἐπινοίας
727 3500 782 3568 καὶ
803 3499 936 3588 σπουδῆς
957 3499 1045 3582 άξιον
1064 3506 1202 3572 ἐπαινεῖν.

325 3623 378 3687 Fr.
397 3620 443 3684 44
464 3620 543 3686 ibid.
567 3640 639 3705 cap.
664 3621 695 3703 8,
721 3621 736 3682 1
761 3614 826 3683 ἐπεὶ
847 3617 880 3684 δέ
901 3619 1002 3697 πέντε,
1029 3611 1071 3696 ὦς
1093 3615 1132 3685 ἄν
1154 3617 1233 3686 εἴποι
1248 3643 1307 3702 τις,

308 3841 341 3906 ⁸²)
360 3839 449 3905 Quam
467 3839 636 3894 sententiam
648 3839 788 3896 Caecilius
807 3840 837 3894 in
851 3841 1029 3909 Antiphonts
1041 3857 1153 3912 quoque
1171 3845 1309 3914 explieuit

236 3927 272 3985 et
283 3926 363 3998 irgm.
376 3930 408 3998 ὃς
427 3931 550 3983 ceterum
569 3927 604 3983 de
622 3928 675 3982 λιιι
694 3928 796 3997 duplici
815 3929 966 3984 schematis
984 3931 1013 3985 vi
1032 3931 1098 3985 vide
1111 3930 1308 3991 Alexandrum

235 4034 300 4088 pag.
318 4019 371 4074 427
390 4033 452 4086 sqq.
470 4016 618 4086 prseeipue
636 4015 828 4084 disserentem,
853 4017 899 4086 qui
917 4018 979 4086 ipse
998 4017 1119 4074 fortasse
1139 4034 1155 4074 e
1174 4021 1306 4078 Caecilio

238 4106 308 4160 telis
324 4104 426 4161 hausit.
475 4160 478 4166 .

307 4193 338 4260 ¹⁸)
357 4191 400 4249 cf.
419 4208 505 4262 supra
522 4191 754 4248 Phoebsmmonis
772 4193 879 4254 verbs,
