2872 4946
518 473 737 536 „51-

93 652 131 712 et
174 667 220 712 ox
253 645 314 712 illo
350 645 488 731 quidem
515 645 651 712 Isaeum
687 651 720 712 et
741 645 952 710 Dinarchum
985 646 1162 712 maximam

88 769 232 851 partem
249 762 293 827 ad
322 760 464 826 verbum
485 762 671 848 descriptos
692 781 766 827 esse
785 762 852 826 iam
872 761 930 827 alii
945 767 1038 827 recte
1058 763 1161 828 anim-

99 879 342 946 adverterunt.
398 877 465 944 Sed
501 877 669 944 Caecilius
698 897 835 964 quoque
871 877 923 942 bis
959 877 1100 943 affertur
1126 880 1162 943 in

95 993 246 1080 Antiph.
271 999 305 1058 et
327 991 453 1058 Aeseh.
478 991 521 1058 de
544 993 724 1079 utriusque
749 991 882 1057 dicendi
909 992 1068 1078 magistro
1100 993 1163 1056 ali-

98 1109 187 1195 quid
213 1109 400 1194 suspicans.
446 1108 491 1173 Et
519 1106 653 1192 saepius
684 1107 830 1172 eundem
853 1105 1038 1171 Caecilium
1068 1106 1162 1172 adhi-

98 1225 214 1289 bitum
239 1243 314 1288 1111
338 1222 418 1288 inde
442 1222 544 1288 facile
568 1221 730 1303 conicias,
765 1221 855 1306 quod
878 1226 1015 1305 praeter
1037 1219 1164 1286 Caecili

97 1339 241 1420 librum,
270 1339 297 1402 si
320 1357 441 1402 111111
462 1338 576 1422 paullo
600 1341 720 1422 postea
742 1334 798 1399 hic
818 1334 959 1402 libellus
984 1341 1077 1400 ortus
1102 1341 1164 1418 est,

98 1453 203 1518 nulla
226 1453 282 1518 111
304 1473 413 1536 pauca
432 1457 504 1516 tum
526 1451 685 1536 temporis
711 1450 778 1514 alia
801 1449 926 1534 scripta
956 1450 998 1515 de
1026 1450 1162 1516 univer-

99 1569 150 1632 sis
176 1567 293 1632 decem
319 1566 508 1631 oratoribus
532 1571 629 1633 erant
647 1564 748 1630 edita.
792 1562 894 1628 Addo
915 1564 1016 1629 etiam
1027 1563 1164 1650 Didymi

100 1681 316 1767 grammatici
345 1680 387 1745 de
416 1681 534 1745 decem
563 1680 757 1746 oratoribus
790 1679 1048 1743 commentarios
1083 1678 1164 1744 huic

101 1795 262 1880 scriptori
283 1795 418 1880 ignotos
450 1795 557 1860 fuisse
584 1794 707 1876 rideri,
737 1794 827 1878 quod
858 1794 919 1859 1111
945 1793 1163 1879 Hermogene

100 1907 173 1993 περὶ
196 1909 280 1974 ἰδεῶν
300 1907 348 1991 ΙΙ,
368 1910 407 1972 11
433 1909 557 1995 (Walz.
578 1910 646 1975 101.
663 1907 731 1991 ΙΙΙ,
744 1909 823 1994 385)
848 1914 986 1975 auctore
1011 1909 1163 1975 (11111101

103 2024 340 2110 Antiphontes
365 2023 492 2090 diserte
521 2029 728 2106 secreverat,
756 2029 872 2090 noster
905 2024 995 2090 vitae
1024 2024 1165 2110 scriptor

103 2140 227 2226 plures
253 2138 419 2204 confudit.
466 2139 533 2205 Sed
554 2145 691 2226 praeter
714 2139 781 2203 duo
812 2138 873 2204 illa
895 2145 1165 2223 commemorata,

106 2273 196 2338 quae
233 2253 379 2319 Caecilio
421 2253 560 2338 debeat,
601 2253 735 2319 omnino
764 2253 899 2319 reticuit
925 2273 1037 2338 neque
1065 2254 1163 2319 nobis

105 2368 334 2453 probabiliter
359 2368 549 2434 coniciendi
574 2390 690 2434 ansam
717 2368 854 2455 reliquit
878 2369 937 2453 (cf.
956 2373 1069 2433 tamen
1089 2369 1161 2434 fal

106 2488 179 2546 not.
202 2483 247 2565 4).
652 2472 655 2480 ’

195 2596 275 2662 Alia
307 2597 431 2663 deinde
459 2598 692 2663 accessionum
722 2599 807 2664 ratio
836 2604 899 2681 est,
934 2600 994 2665 ubi
1030 2601 1164 2685 saepius

92 2718 166 2776 aut
189 2711 374 2778 Caecilium
403 2712 543 2777 allatum
573 2713 725 2778 videmus
751 2719 810 2777 aut
831 2713 934 2778 tacite
959 2712 1164 2798 descriptum

107 2828 340 2893 demonstrare
370 2847 561 2912 possumus.
607 2827 660 2892 Ne
683 2828 806 2913 longus
831 2828 908 2910 sim,
939 2847 1164 2913 quaecunque

106 2943 149 3007 de
181 2941 371 3006 orationum
402 2941 591 3028 spuriarum
624 2948 683 3007 aut
711 2941 934 3027 genuinarum
961 2961 1100 3005 numero
1131 2947 1164 3006 et

105 3056 233 3122 ibidem
249 3076 360 3141 *saepe
392 3056 434 3121 de
459 3063 630 3122 oratorum
653 3077 779 3142 genere
803 3057 938 3121 dicendi
958 3055 1164 3138 iudicantur,

107 3192 148 3236 11
172 3172 282 3236 omnia
307 3172 350 3238 ad
373 3172 544 3237 rhetorem
567 3179 721 3238 nostrum
739 3173 922 3237 referenda
940 3178 1033 3256 puto.
1067 3171 1162 3236 Haeo

106 3286 245 3371 quidem
270 3288 382 3352 omnia
407 3308 450 3352 ex
478 3309 546 3353 uno
579 3289 666 3354 libro
692 3294 852 3374 excerpta
876 3309 950 3354 esse
973 3289 1039 3354 111
1062 3310 1164 3374 supra

106 3402 235 3467 conieci
257 3423 321 3469 nee
345 3403 464 3470 dubito
481 3403 607 3469 ancili
625 3404 724 3468 illum
747 3403 871 3468 librum
894 3402 1001 3468 fuisse
1024 3409 1163 3468 conten·

105 3515 202 3600 dere3
224 3516 252 3581 is
278 3517 425 3581 enimin
449 3517 673 3604 Antiphonte,
696 3517 812 3604 Lysia,
842 3517 994 3582 Isocrate
1019 3519 1090 3582 eius
1114 3518 1164 3582 rei

105 3635 223 3696 auctor
258 3632 469 3715 nominatur,
503 3633 538 3696 in
568 3632 740 3698 Aeschine
776 3639 809 3697 et
836 3631 935 3698 Isaeo
967 3632 1040 3697 aliis
1069 3633 1161 3696 testi-

103 3745 223 3809 moniis
241 3764 362 3810 revera
379 3765 454 3812 esse
469 3747 566 3812 nobis
586 3746 836 3812 demonstratus
854 3753 915 3812 est.
962 3744 1051 3819 Quid
1074 3745 1162 3810 enirn

103 3859 247 3925 mirum?
273 3857 338 3933 Qui
361 3861 422 3927 has
448 3867 544 3928 notas
569 3861 645 3928 vitis
671 3861 850 3947 adscripsit
873 3862 961 3927 forte
985 3881 1028 3925 111
1051 3859 1162 3945 potuit

104 3974 240 4062 quidem
275 3974 317 4038 ab
351 3976 423 4042 aliis
461 3997 562 4061 quam
590 3999 609 4042 a
638 3975 803 4062 Dionysio
835 3982 869 4040 et
899 3974 1047 4040 anoilio
1078 3972 1161 4039 talia

104 4111 255 4175 sumere,
288 4092 412 4178 quippe
429 4092 494 4177 'qui
517 4092 614 4178 primi
638 4097 753 4157 essent
781 4091 840 4176 qui
862 4090 946 4156 talio
969 4090 1159 4156 accuratius

104 4211 414 4292 perscrutarentur,
437 4212 475 4271 ut
490 4227 566 4272 cum
583 4208 626 4272 ex
642 4205 785 4294 Dionysi
804 4206 846 4272 de
862 4204 977 4292 Lysia,
997 4203 1160 4287 Isocrate,
