<?xml version="1.0" encoding="UTF-8"?>
<!DOCTYPE html PUBLIC "-//W3C//DTD XHTML 1.0 Transitional//EN"
    "http://www.w3.org/TR/xhtml1/DTD/xhtml1-transitional.dtd">
<html xmlns="http://www.w3.org/1999/xhtml" xml:lang="en" lang="en">
 <head>
  <title>
</title>
<meta http-equiv="Content-Type" content="text/html;charset=utf-8" />
  <meta name='ocr-system' content='tesseract 3.04.00' />
  <meta name='ocr-capabilities' content='ocr_page ocr_carea ocr_par ocr_line ocrx_word'/>
</head>
<body>
  <div class='ocr_page' id='page_1' title='image "./caecilirhetoris00burcgoog_0009.png"; bbox 0 0 2872 4946; ppageno 0'>
   <div class='ocr_carea' id='block_1_1' title="bbox 693 422 890 484">
    <p class='ocr_par' dir='ltr' id='par_1_1' title="bbox 693 422 890 484">
     <span class='ocr_line' id='line_1_1' title="bbox 693 422 890 484; baseline 0 -17"><span class='ocrx_word' id='word_1_1' title='bbox 693 422 890 484; x_wconf 74' lang='lat'><strong>..2-</strong></span> 
     </span>
    </p>
   </div>
   <div class='ocr_carea' id='block_1_2' title="bbox 264 595 1388 1472">
    <p class='ocr_par' dir='ltr' id='par_1_2' title="bbox 264 595 1388 1472">
     <span class='ocr_line' id='line_1_2' title="bbox 267 595 1334 683; baseline 0.002 -21"><span class='ocrx_word' id='word_1_2' title='bbox 267 598 329 662; x_wconf 84' lang='lat'>128</span> <span class='ocrx_word' id='word_1_3' title='bbox 353 618 426 683; x_wconf 87' lang='lat' dir='ltr'><strong>eqq.</strong></span> <span class='ocrx_word' id='word_1_4' title='bbox 449 597 584 682; x_wconf 78' lang='lat'>(1837);</span> <span class='ocrx_word' id='word_1_5' title='bbox 609 596 803 682; x_wconf 83' lang='lat' dir='ltr'><strong>fragmenta</strong></span> <span class='ocrx_word' id='word_1_6' title='bbox 825 596 967 683; x_wconf 76' lang='lat' dir='ltr'>collegit</span> <span class='ocrx_word' id='word_1_7' title='bbox 990 595 1134 662; x_wconf 72' lang='lat' dir='ltr'>Carolus</span> <span class='ocrx_word' id='word_1_8' title='bbox 1156 597 1334 664; x_wconf 77' lang='lat' dir='ltr'>Millerne</span> 
     </span>
     <span class='ocr_line' id='line_1_3' title="bbox 264 709 1335 798; baseline 0.004 -23"><span class='ocrx_word' id='word_1_9' title='bbox 264 712 299 776; x_wconf 91' lang='lat' dir='ltr'>iu</span> <span class='ocrx_word' id='word_1_10' title='bbox 321 711 559 776; x_wconf 80' lang='lat' dir='ltr'><strong>historicorum</strong></span> <span class='ocrx_word' id='word_1_11' title='bbox 584 709 792 777; x_wconf 82' lang='lat' dir='ltr'><strong>Graecorum</strong></span> <span class='ocrx_word' id='word_1_12' title='bbox 815 711 1012 797; x_wconf 80' lang='lat' dir='ltr'><strong>fragmentis</strong></span> <span class='ocrx_word' id='word_1_13' title='bbox 1035 712 1105 778; x_wconf 76' lang='lat' dir='ltr'>vol.</span> <span class='ocrx_word' id='word_1_14' title='bbox 1129 710 1186 775; x_wconf 93' lang='lat' dir='ltr'>III</span> <span class='ocrx_word' id='word_1_15' title='bbox 1210 713 1335 798; x_wconf 87' lang='lat'>(1849)</span> 
     </span>
     <span class='ocr_line' id='line_1_4' title="bbox 264 811 1388 912; baseline 0.002 -21"><span class='ocrx_word' id='word_1_16' title='bbox 264 847 342 912; x_wconf 86' lang='lat' dir='ltr'><strong>pag.</strong></span> <span class='ocrx_word' id='word_1_17' title='bbox 366 827 531 890; x_wconf 84' lang='lat'><strong>330-33.</strong></span> <span class='ocrx_word' id='word_1_18' title='bbox 556 863 597 873; x_wconf 92' lang='lat'><em>-</em></span> <span class='ocrx_word' id='word_1_19' title='bbox 621 823 701 890; x_wconf 87' lang='lat' dir='ltr'>Alia</span> <span class='ocrx_word' id='word_1_20' title='bbox 725 825 818 890; x_wconf 89' lang='lat' dir='ltr'><strong>adire</strong></span> <span class='ocrx_word' id='word_1_21' title='bbox 842 847 910 890; x_wconf 92' lang='lat' dir='ltr'>non</span> <span class='ocrx_word' id='word_1_22' title='bbox 932 826 1027 912; x_wconf 90' lang='lat' dir='ltr'><strong>potui</strong></span> <span class='ocrx_word' id='word_1_23' title='bbox 1052 847 1139 912; x_wconf 92' lang='lat' dir='ltr'>quae</span> <span class='ocrx_word' id='word_1_24' title='bbox 1158 827 1258 892; x_wconf 87' lang='lat' dir='ltr'>Belin</span> <span class='ocrx_word' id='word_1_25' title='bbox 1283 828 1333 893; x_wconf 89' lang='lat' dir='ltr'>de</span> <span class='ocrx_word' id='word_1_26' title='bbox 1386 811 1388 814; x_wconf 29' lang='lat'>⁵</span> 
     </span>
     <span class='ocr_line' id='line_1_5' title="bbox 264 939 1335 1027; baseline 0.003 -22"><span class='ocrx_word' id='word_1_27' title='bbox 264 940 367 1005; x_wconf 90' lang='lat' dir='ltr'>Ballu</span> <span class='ocrx_word' id='word_1_28' title='bbox 390 939 529 1006; x_wconf 78' lang='lat' dir='ltr'><strong>histoire</strong></span> <span class='ocrx_word' id='word_1_29' title='bbox 553 941 700 1027; x_wconf 84' lang='lat' dir='ltr'>enitique</span> <span class='ocrx_word' id='word_1_30' title='bbox 725 941 767 1006; x_wconf 89' lang='lat' dir='ltr'>de</span> <span class='ocrx_word' id='word_1_31' title='bbox 790 939 1007 1026; x_wconf 76' lang='lat' dir='ltr'>l’eloquenoe</span> <span class='ocrx_word' id='word_1_32' title='bbox 1037 941 1120 1006; x_wconf 90' lang='lat' dir='ltr'>ohen</span> <span class='ocrx_word' id='word_1_33' title='bbox 1142 941 1194 1007; x_wconf 83' lang='lat' dir='ltr'>leo</span> <span class='ocrx_word' id='word_1_34' title='bbox 1220 941 1335 1008; x_wconf 73' lang='lat' dir='ltr'><strong>(ireos</strong></span> 
     </span>
     <span class='ocr_line' id='line_1_6' title="bbox 265 1054 1336 1143; baseline 0.003 -24"><span class='ocrx_word' id='word_1_35' title='bbox 265 1054 302 1119; x_wconf 95' lang='lat' dir='ltr'>II</span> <span class='ocrx_word' id='word_1_36' title='bbox 319 1077 397 1142; x_wconf 85' lang='lat' dir='ltr'><strong>pag.</strong></span> <span class='ocrx_word' id='word_1_37' title='bbox 417 1058 459 1121; x_wconf 84' lang='lat'>93</span> <span class='ocrx_word' id='word_1_38' title='bbox 480 1078 547 1143; x_wconf 84' lang='lat' dir='ltr'><strong>aq.;</strong></span> <span class='ocrx_word' id='word_1_39' title='bbox 573 1056 752 1122; x_wconf 83' lang='lat' dir='ltr'>Oeannue:</span> <span class='ocrx_word' id='word_1_40' title='bbox 772 1056 933 1142; x_wconf 72' lang='lat' dir='ltr'><strong>Beitrige</strong></span> <span class='ocrx_word' id='word_1_41' title='bbox 955 1079 1014 1120; x_wconf 86' lang='lat' dir='ltr'>zur</span> <span class='ocrx_word' id='word_1_42' title='bbox 1036 1056 1163 1142; x_wconf 83' lang='lat' dir='ltr'><strong>grieoh.</strong></span> <span class='ocrx_word' id='word_1_43' title='bbox 1187 1081 1222 1124; x_wconf 90' lang='lat' dir='ltr'>u.</span> <span class='ocrx_word' id='word_1_44' title='bbox 1246 1063 1336 1124; x_wconf 73' lang='lat' dir='ltr'><strong>rom.</strong></span> 
     </span>
     <span class='ocr_line' id='line_1_7' title="bbox 265 1171 1334 1260; baseline 0.002 -24"><span class='ocrx_word' id='word_1_45' title='bbox 265 1172 455 1256; x_wconf 84' lang='lat' dir='ltr'><strong>Littgesoh.</strong></span> <span class='ocrx_word' id='word_1_46' title='bbox 482 1171 500 1235; x_wconf 95' lang='lat' dir='ltr'>I</span> <span class='ocrx_word' id='word_1_47' title='bbox 533 1172 622 1260; x_wconf 82' lang='lat' dir='ltr'><strong>App.</strong></span> <span class='ocrx_word' id='word_1_48' title='bbox 651 1175 671 1237; x_wconf 84' lang='lat'><strong>2</strong></span> <span class='ocrx_word' id='word_1_49' title='bbox 701 1195 734 1260; x_wconf 89' lang='lat' dir='ltr'>p.</span> <span class='ocrx_word' id='word_1_50' title='bbox 762 1174 826 1237; x_wconf 83' lang='lat'>295</span> <span class='ocrx_word' id='word_1_51' title='bbox 856 1193 906 1257; x_wconf 80' lang='lat' dir='ltr'>eq.</span> <span class='ocrx_word' id='word_1_52' title='bbox 941 1173 1139 1238; x_wconf 88' lang='lat' dir='ltr'>attulerunt.</span> <span class='ocrx_word' id='word_1_53' title='bbox 1185 1173 1334 1259; x_wconf 80' lang='lat' dir='ltr'>Singula</span> 
     </span>
     <span class='ocr_line' id='line_1_8' title="bbox 267 1277 1335 1377; baseline 0.001 -23"><span class='ocrx_word' id='word_1_54' title='bbox 267 1309 402 1376; x_wconf 89' lang='lat' dir='ltr'>quoque</span> <span class='ocrx_word' id='word_1_55' title='bbox 427 1310 515 1376; x_wconf 89' lang='lat' dir='ltr'>quae</span> <span class='ocrx_word' id='word_1_56' title='bbox 538 1289 628 1377; x_wconf 86' lang='lat' dir='ltr'>apud</span> <span class='ocrx_word' id='word_1_57' title='bbox 651 1289 743 1355; x_wconf 76' lang='lat' dir='ltr'><strong>viros</strong></span> <span class='ocrx_word' id='word_1_58' title='bbox 768 1277 887 1354; x_wconf 81' lang='lat' dir='ltr'><strong>dootoe</strong></span> <span class='ocrx_word' id='word_1_59' title='bbox 911 1289 1074 1355; x_wconf 85' lang='lat' dir='ltr'><strong>adnotata</strong></span> <span class='ocrx_word' id='word_1_60' title='bbox 1095 1285 1213 1355; x_wconf 75' lang='lat' dir='ltr'>inveni</span> <span class='ocrx_word' id='word_1_61' title='bbox 1234 1290 1335 1355; x_wconf 86' lang='lat' dir='ltr'>infra</span> 
     </span>
     <span class='ocr_line' id='line_1_9' title="bbox 266 1407 546 1472; baseline -0.007 0"><span class='ocrx_word' id='word_1_62' title='bbox 266 1407 546 1472; x_wconf 80' lang='lat' dir='ltr'><strong>commemorabo.</strong></span> 
     </span>
    </p>
   </div>
   <div class='ocr_carea' id='block_1_3' title="bbox 338 1709 1246 1804">
    <p class='ocr_par' dir='ltr' id='par_1_3' title="bbox 338 1709 1246 1804">
     <span class='ocr_line' id='line_1_10' title="bbox 338 1709 1246 1804; baseline -0.008 -11"><span class='ocrx_word' id='word_1_63' title='bbox 338 1724 435 1804; x_wconf 79' lang='lat' dir='ltr'><strong>cap.</strong></span> <span class='ocrx_word' id='word_1_64' title='bbox 463 1723 497 1794; x_wconf 88' lang='lat'>1.</span> <span class='ocrx_word' id='word_1_65' title='bbox 552 1721 613 1788; x_wconf 89' lang='lat' dir='ltr'>De</span> <span class='ocrx_word' id='word_1_66' title='bbox 640 1718 730 1787; x_wconf 87' lang='lat' dir='ltr'><strong>vita</strong></span> <span class='ocrx_word' id='word_1_67' title='bbox 758 1709 913 1788; x_wconf 77' lang='lat' dir='ltr'>caecili</span> <span class='ocrx_word' id='word_1_68' title='bbox 941 1717 1246 1786; x_wconf 79' lang='lat' dir='ltr'><strong>commentatio.</strong></span> 
     </span>
    </p>
   </div>
   <div class='ocr_carea' id='block_1_4' title="bbox 264 1892 1337 2457">
    <p class='ocr_par' dir='ltr' id='par_1_4' title="bbox 264 1892 1337 2214">
     <span class='ocr_line' id='line_1_11' title="bbox 353 1892 1335 1980; baseline -0.005 -16"><span class='ocrx_word' id='word_1_69' title='bbox 353 1899 503 1964; x_wconf 90' lang='lat' dir='ltr'><strong>Primum</strong></span> <span class='ocrx_word' id='word_1_70' title='bbox 519 1896 562 1960; x_wconf 89' lang='lat' dir='ltr'>de</span> <span class='ocrx_word' id='word_1_71' title='bbox 578 1895 648 1962; x_wconf 81' lang='lat' dir='ltr'><strong>vita</strong></span> <span class='ocrx_word' id='word_1_72' title='bbox 663 1895 841 1980; x_wconf 84' lang='lat' dir='ltr'>inquirens</span> <span class='ocrx_word' id='word_1_73' title='bbox 860 1892 945 1957; x_wconf 90' lang='lat' dir='ltr'>nihil</span> <span class='ocrx_word' id='word_1_74' title='bbox 966 1893 1046 1959; x_wconf 87' lang='lat' dir='ltr'>novi</span> <span class='ocrx_word' id='word_1_75' title='bbox 1061 1892 1216 1958; x_wconf 87' lang='lat' dir='ltr'>invenire</span> <span class='ocrx_word' id='word_1_76' title='bbox 1231 1894 1335 1978; x_wconf 88' lang='lat' dir='ltr'><strong>potui</strong></span> 
     </span>
     <span class='ocr_line' id='line_1_12' title="bbox 264 2008 1337 2104; baseline -0.007 -23"><span class='ocrx_word' id='word_1_77' title='bbox 264 2021 400 2104; x_wconf 83' lang='lat' dir='ltr'><strong>praeter</strong></span> <span class='ocrx_word' id='word_1_78' title='bbox 422 2013 482 2078; x_wconf 87' lang='lat' dir='ltr'>illa</span> <span class='ocrx_word' id='word_1_79' title='bbox 506 2013 548 2077; x_wconf 89' lang='lat' dir='ltr'>ab</span> <span class='ocrx_word' id='word_1_80' title='bbox 573 2011 647 2076; x_wconf 89' lang='lat' dir='ltr'>aliie</span> <span class='ocrx_word' id='word_1_81' title='bbox 674 2010 742 2074; x_wconf 88' lang='lat' dir='ltr'>iam</span> <span class='ocrx_word' id='word_1_82' title='bbox 766 2009 867 2092; x_wconf 86' lang='lat' dir='ltr'><strong>diota,</strong></span> <span class='ocrx_word' id='word_1_83' title='bbox 891 2029 979 2094; x_wconf 87' lang='lat' dir='ltr'>quae</span> <span class='ocrx_word' id='word_1_84' title='bbox 1005 2008 1096 2094; x_wconf 89' lang='lat' dir='ltr'>quod</span> <span class='ocrx_word' id='word_1_85' title='bbox 1121 2009 1194 2073; x_wconf 86' lang='lat' dir='ltr'>fere</span> <span class='ocrx_word' id='word_1_86' title='bbox 1217 2011 1337 2074; x_wconf 90' lang='lat' dir='ltr'><strong>omnia</strong></span> 
     </span>
     <span class='ocr_line' id='line_1_13' title="bbox 265 2125 1155 2214; baseline -0.01 -18"><span class='ocrx_word' id='word_1_87' title='bbox 265 2151 310 2196; x_wconf 86' lang='lat' dir='ltr'>ex</span> <span class='ocrx_word' id='word_1_88' title='bbox 332 2128 438 2195; x_wconf 82' lang='lat' dir='ltr'>Suida</span> <span class='ocrx_word' id='word_1_89' title='bbox 459 2126 623 2214; x_wconf 86' lang='lat' dir='ltr'>pendent,</span> <span class='ocrx_word' id='word_1_90' title='bbox 646 2126 751 2190; x_wconf 84' lang='lat' dir='ltr'>huius</span> <span class='ocrx_word' id='word_1_91' title='bbox 774 2126 883 2192; x_wconf 75' lang='lat' dir='ltr'><strong>verba</strong></span> <span class='ocrx_word' id='word_1_92' title='bbox 904 2127 979 2211; x_wconf 84' lang='lat' dir='ltr'>ipsa</span> <span class='ocrx_word' id='word_1_93' title='bbox 1003 2125 1155 2211; x_wconf 87' lang='lat' dir='ltr'>adpone:</span> 
     </span>
    </p>

    <p class='ocr_par' dir='ltr' id='par_1_5' title="bbox 264 2235 1332 2457">
     <span class='ocr_line' id='line_1_14' title="bbox 353 2235 1332 2328; baseline -0.007 -17"><span class='ocrx_word' id='word_1_94' title='bbox 353 2243 503 2320; x_wconf 81' lang='grc' dir='ltr'>Κακίλιος</span> <span class='ocrx_word' id='word_1_95' title='bbox 528 2239 718 2328; x_wconf 81' lang='grc' dir='ltr'>Σικελιώτης</span> <span class='ocrx_word' id='word_1_96' title='bbox 740 2238 954 2316; x_wconf 81' lang='grc' dir='ltr'>Καλαντιανὸς</span> <span class='ocrx_word' id='word_1_97' title='bbox 967 2237 1147 2314; x_wconf 85' lang='grc' dir='ltr'>-Κάλαντις</span> <span class='ocrx_word' id='word_1_98' title='bbox 1176 2236 1209 2303; x_wconf 80' lang='grc' dir='ltr'>δὲ</span> <span class='ocrx_word' id='word_1_99' title='bbox 1238 2235 1332 2315; x_wconf 80' lang='grc' dir='ltr'>πόλις</span> 
     </span>
     <span class='ocr_line' id='line_1_15' title="bbox 264 2352 1331 2457; baseline -0.008 -28"><span class='ocrx_word' id='word_1_100' title='bbox 264 2357 538 2446; x_wconf 73' lang='grc' dir='ltr'>Σικελίας-ῥήτωρ</span> <span class='ocrx_word' id='word_1_101' title='bbox 561 2353 831 2457; x_wconf 43' lang='grc' dir='ltr'>χσοφιστεύσαςέν</span> <span class='ocrx_word' id='word_1_102' title='bbox 854 2352 965 2441; x_wconf 77' lang='grc' dir='ltr'>Ῥώμῃ</span> <span class='ocrx_word' id='word_1_103' title='bbox 994 2352 1044 2420; x_wconf 77' lang='grc' dir='ltr'>ἐπὶ</span> <span class='ocrx_word' id='word_1_104' title='bbox 1085 2357 1138 2419; x_wconf 83' lang='grc' dir='ltr'>τοῦ</span> <span class='ocrx_word' id='word_1_105' title='bbox 1167 2355 1331 2434; x_wconf 81' lang='grc' dir='ltr'>Σεβαστοῦ</span> 
     </span>
    </p>
   </div>
   <div class='ocr_carea' id='block_1_5' title="bbox 265 2466 1333 4286">
    <p class='ocr_par' dir='ltr' id='par_1_6' title="bbox 265 2466 1333 3139">
     <span class='ocr_line' id='line_1_16' title="bbox 265 2466 1332 2562; baseline -0.007 -18"><span class='ocrx_word' id='word_1_106' title='bbox 265 2477 423 2562; x_wconf 78' lang='grc' dir='ltr'>Καίσαρος</span> <span class='ocrx_word' id='word_1_107' title='bbox 452 2473 523 2560; x_wconf 87' lang='grc' dir='ltr'>[καὶ</span> <span class='ocrx_word' id='word_1_108' title='bbox 549 2474 607 2549; x_wconf 80' lang='grc' dir='ltr'>ἕως</span> <span class='ocrx_word' id='word_1_109' title='bbox 629 2469 806 2556; x_wconf 80' lang='grc' dir='ltr'>Ἀδριανοῦ]</span> <span class='ocrx_word' id='word_1_110' title='bbox 843 2468 898 2535; x_wconf 80' lang='grc' dir='ltr'>καὶ</span> <span class='ocrx_word' id='word_1_111' title='bbox 925 2467 985 2535; x_wconf 76' lang='grc' dir='ltr'>ἀπὸ</span> <span class='ocrx_word' id='word_1_112' title='bbox 1022 2466 1145 2550; x_wconf 79' lang='grc' dir='ltr'>δούλων,</span> <span class='ocrx_word' id='word_1_113' title='bbox 1174 2467 1214 2546; x_wconf 77' lang='grc' dir='ltr'>ὥς</span> <span class='ocrx_word' id='word_1_114' title='bbox 1248 2493 1332 2547; x_wconf 85' lang='grc' dir='ltr'>τινες</span> 
     </span>
     <span class='ocr_line' id='line_1_17' title="bbox 266 2582 1332 2680; baseline -0.012 -20"><span class='ocrx_word' id='word_1_115' title='bbox 266 2591 462 2680; x_wconf 75' lang='grc' dir='ltr'>ἱστορήκασι,</span> <span class='ocrx_word' id='word_1_116' title='bbox 490 2587 545 2656; x_wconf 87' lang='grc' dir='ltr'>καὶ</span> <span class='ocrx_word' id='word_1_117' title='bbox 565 2587 710 2674; x_wconf 82' lang='grc' dir='ltr'>πρότερον</span> <span class='ocrx_word' id='word_1_118' title='bbox 739 2585 793 2672; x_wconf 82' lang='grc' dir='ltr'>μὲν</span> <span class='ocrx_word' id='word_1_119' title='bbox 820 2582 1007 2670; x_wconf 78' lang='grc' dir='ltr'>καλούμενος</span> <span class='ocrx_word' id='word_1_120' title='bbox 1030 2582 1239 2670; x_wconf 59' lang='grc' dir='ltr'>Ἀρχοὶγαλος</span> <span class='ocrx_word' id='word_1_121' title='bbox 1271 2583 1332 2672; x_wconf 78' lang='grc' dir='ltr'>τὴν</span> 
     </span>
     <span class='ocr_line' id='line_1_18' title="bbox 266 2696 1331 2784; baseline -0.01 -10"><span class='ocrx_word' id='word_1_122' title='bbox 266 2706 301 2774; x_wconf 80' lang='grc' dir='ltr'>δὲ</span> <span class='ocrx_word' id='word_1_123' title='bbox 319 2704 414 2784; x_wconf 79' lang='grc' dir='ltr'>δόξαν</span> <span class='ocrx_word' id='word_1_124' title='bbox 432 2703 588 2779; x_wconf 86' lang='grc' dir='ltr'>Ἰουδαῖος.</span> <span class='ocrx_word' id='word_1_125' title='bbox 633 2700 743 2782; x_wconf 85' lang='grc' dir='ltr'>Βιβλία</span> <span class='ocrx_word' id='word_1_126' title='bbox 762 2699 796 2765; x_wconf 80' lang='grc' dir='ltr'>δὲ</span> <span class='ocrx_word' id='word_1_127' title='bbox 818 2697 911 2765; x_wconf 81' lang='grc' dir='ltr'>αὐτοῦ</span> <span class='ocrx_word' id='word_1_128' title='bbox 927 2696 1043 2774; x_wconf 83' lang='grc' dir='ltr'>πολλὰ;</span> <span class='ocrx_word' id='word_1_129' title='bbox 1069 2700 1192 2784; x_wconf 83' lang='lat' dir='ltr'>quibua</span> <span class='ocrx_word' id='word_1_130' title='bbox 1208 2721 1331 2766; x_wconf 85' lang='lat' dir='ltr'>reeen-</span> 
     </span>
     <span class='ocr_line' id='line_1_19' title="bbox 267 2813 1333 2890; baseline -0.009 -1"><span class='ocrx_word' id='word_1_131' title='bbox 267 2823 339 2890; x_wconf 84' lang='lat' dir='ltr'><strong>eitis</strong></span> <span class='ocrx_word' id='word_1_132' title='bbox 371 2823 414 2888; x_wconf 88' lang='lat' dir='ltr'>ab</span> <span class='ocrx_word' id='word_1_133' title='bbox 449 2820 524 2885; x_wconf 85' lang='lat' dir='ltr'>aliis</span> <span class='ocrx_word' id='word_1_134' title='bbox 558 2825 592 2884; x_wconf 91' lang='lat' dir='ltr'>et</span> <span class='ocrx_word' id='word_1_135' title='bbox 621 2816 762 2883; x_wconf 83' lang='lat' dir='ltr'><strong>diversis</strong></span> <span class='ocrx_word' id='word_1_136' title='bbox 792 2815 881 2879; x_wconf 89' lang='lat' dir='ltr'><strong>inter</strong></span> <span class='ocrx_word' id='word_1_137' title='bbox 913 2833 987 2878; x_wconf 84' lang='lat' dir='ltr'>seeo</span> <span class='ocrx_word' id='word_1_138' title='bbox 1024 2813 1181 2877; x_wconf 85' lang='lat' dir='ltr'>manibus</span> <span class='ocrx_word' id='word_1_139' title='bbox 1213 2815 1333 2879; x_wconf 90' lang='lat' dir='ltr'><strong>addita</strong></span> 
     </span>
     <span class='ocr_line' id='line_1_20' title="bbox 267 2924 1329 3019; baseline -0.026 -14"><span class='ocrx_word' id='word_1_140' title='bbox 267 2945 347 3006; x_wconf 82' lang='lat' dir='ltr'>eunt</span> <span class='ocrx_word' id='word_1_141' title='bbox 375 2939 412 3003; x_wconf 90' lang='lat' dir='ltr'>in</span> <span class='ocrx_word' id='word_1_142' title='bbox 440 2937 526 3001; x_wconf 87' lang='lat' dir='ltr'>fine:</span> <span class='ocrx_word' id='word_1_143' title='bbox 552 2936 635 3019; x_wconf 83' lang='grc' dir='ltr'>[πῶς</span> <span class='ocrx_word' id='word_1_144' title='bbox 665 2931 698 2996; x_wconf 81' lang='grc' dir='ltr'>δὲ</span> <span class='ocrx_word' id='word_1_145' title='bbox 725 2929 874 3003; x_wconf 83' lang='grc' dir='ltr'>Ἰουδαῖος</span> <span class='ocrx_word' id='word_1_146' title='bbox 900 2931 1002 2991; x_wconf 81' lang='grc' dir='ltr'>ταῦτα</span> <span class='ocrx_word' id='word_1_147' title='bbox 1029 2925 1198 3008; x_wconf 74' lang='grc' dir='ltr'>ἳνανμάζω]</span> <span class='ocrx_word' id='word_1_148' title='bbox 1231 2924 1329 3008; x_wconf 70' lang='grc' dir='ltr'>[Ἴου.</span> 
     </span>
     <span class='ocr_line' id='line_1_21' title="bbox 266 3042 743 3139; baseline -0.031 -18"><span class='ocrx_word' id='word_1_149' title='bbox 266 3058 353 3130; x_wconf 87' lang='grc' dir='ltr'>δαῖος</span> <span class='ocrx_word' id='word_1_150' title='bbox 375 3050 469 3139; x_wconf 78' lang='grc' dir='ltr'>σοφὸς</span> <span class='ocrx_word' id='word_1_151' title='bbox 489 3048 532 3115; x_wconf 87' lang='grc' dir='ltr'>τὰ</span> <span class='ocrx_word' id='word_1_152' title='bbox 547 3042 743 3132; x_wconf 63' lang='grc' dir='ltr'>Ἑλληνικά]</span> 
     </span>
    </p>

    <p class='ocr_par' dir='ltr' id='par_1_7' title="bbox 265 3148 1333 4286">
     <span class='ocr_line' id='line_1_22' title="bbox 355 3148 1327 3242; baseline -0.015 -7"><span class='ocrx_word' id='word_1_153' title='bbox 355 3169 504 3234; x_wconf 81' lang='lat' dir='ltr'>Patriam</span> <span class='ocrx_word' id='word_1_154' title='bbox 538 3183 606 3228; x_wconf 91' lang='lat' dir='ltr'>non</span> <span class='ocrx_word' id='word_1_155' title='bbox 637 3155 794 3223; x_wconf 84' lang='grc' dir='ltr'>Κάλαντιν</span> <span class='ocrx_word' id='word_1_156' title='bbox 828 3153 949 3217; x_wconf 86' lang='lat' dir='ltr'><strong>urbem</strong></span> <span class='ocrx_word' id='word_1_157' title='bbox 977 3151 1038 3216; x_wconf 89' lang='lat' dir='ltr'>eed</span> <span class='ocrx_word' id='word_1_158' title='bbox 1068 3148 1179 3238; x_wconf 81' lang='grc' dir='ltr'>Καλὴν</span> <span class='ocrx_word' id='word_1_159' title='bbox 1206 3149 1327 3242; x_wconf 76' lang='grc' dir='ltr'>Ἀκτὴν</span> 
     </span>
     <span class='ocr_line' id='line_1_23' title="bbox 266 3266 1331 3366; baseline -0.018 -12"><span class='ocrx_word' id='word_1_160' title='bbox 266 3285 324 3354; x_wconf 84' lang='lat' dir='ltr'>vel</span> <span class='ocrx_word' id='word_1_161' title='bbox 340 3281 512 3366; x_wconf 63' lang='lat' dir='ltr'>Koilaletai</span> <span class='ocrx_word' id='word_1_162' title='bbox 532 3277 651 3354; x_wconf 83' lang='lat' dir='ltr'>luisse,</span> <span class='ocrx_word' id='word_1_163' title='bbox 672 3270 837 3335; x_wconf 89' lang='lat' dir='ltr'>ooloniam</span> <span class='ocrx_word' id='word_1_164' title='bbox 856 3266 1043 3331; x_wconf 84' lang='lat' dir='ltr'><strong>Samiorum</strong></span> <span class='ocrx_word' id='word_1_165' title='bbox 1064 3273 1098 3332; x_wconf 91' lang='lat' dir='ltr'>et</span> <span class='ocrx_word' id='word_1_166' title='bbox 1116 3267 1331 3336; x_wconf 85' lang='lat' dir='ltr'><strong>Milesiorum</strong></span> 
     </span>
     <span class='ocr_line' id='line_1_24' title="bbox 265 3382 1331 3484; baseline -0.015 -18"><span class='ocrx_word' id='word_1_167' title='bbox 265 3401 302 3465; x_wconf 93' lang='lat' dir='ltr'>in</span> <span class='ocrx_word' id='word_1_168' title='bbox 326 3390 581 3484; x_wconf 75' lang='lat' dir='ltr'>septentrionali</span> <span class='ocrx_word' id='word_1_169' title='bbox 594 3385 725 3452; x_wconf 80' lang='lat' dir='ltr'>Siciliae</span> <span class='ocrx_word' id='word_1_170' title='bbox 744 3404 803 3448; x_wconf 95' lang='lat' dir='ltr'>ora</span> <span class='ocrx_word' id='word_1_171' title='bbox 819 3382 985 3447; x_wconf 88' lang='lat' dir='ltr'><strong>maritime</strong></span> <span class='ocrx_word' id='word_1_172' title='bbox 1003 3382 1102 3446; x_wconf 83' lang='lat' dir='ltr'><strong>sitam</strong></span> <span class='ocrx_word' id='word_1_173' title='bbox 1126 3382 1185 3467; x_wconf 88' lang='lat' dir='ltr'><strong>(oi.</strong></span> <span class='ocrx_word' id='word_1_174' title='bbox 1197 3383 1331 3450; x_wconf 88' lang='lat' dir='ltr'><strong>Herod.</strong></span> 
     </span>
     <span class='ocr_line' id='line_1_25' title="bbox 267 3497 1333 3596; baseline -0.012 -17"><span class='ocrx_word' id='word_1_175' title='bbox 267 3513 320 3578; x_wconf 88' lang='lat' dir='ltr'>VI</span> <span class='ocrx_word' id='word_1_176' title='bbox 336 3515 396 3596; x_wconf 79' lang='lat'>223</span> <span class='ocrx_word' id='word_1_177' title='bbox 418 3509 539 3592; x_wconf 87' lang='lat' dir='ltr'><strong>Zumpt</strong></span> <span class='ocrx_word' id='word_1_178' title='bbox 551 3503 594 3568; x_wconf 87' lang='lat' dir='ltr'>ad</span> <span class='ocrx_word' id='word_1_179' title='bbox 617 3499 752 3564; x_wconf 88' lang='lat' dir='ltr'><strong>Verrin.</strong></span> <span class='ocrx_word' id='word_1_180' title='bbox 770 3519 846 3584; x_wconf 85' lang='lat' dir='ltr'><strong>pag.</strong></span> <span class='ocrx_word' id='word_1_181' title='bbox 867 3498 959 3580; x_wconf 81' lang='lat'>518),</span> <span class='ocrx_word' id='word_1_182' title='bbox 981 3497 1138 3584; x_wconf 90' lang='lat' dir='ltr'>plerique</span> <span class='ocrx_word' id='word_1_183' title='bbox 1155 3498 1219 3562; x_wconf 85' lang='lat' dir='ltr'><strong>viri</strong></span> <span class='ocrx_word' id='word_1_184' title='bbox 1238 3498 1333 3567; x_wconf 80' lang='lat' dir='ltr'><strong>&lt;loeti</strong></span> 
     </span>
     <span class='ocr_line' id='line_1_26' title="bbox 266 3609 1333 3704; baseline -0.015 -8"><span class='ocrx_word' id='word_1_185' title='bbox 266 3609 332 3696; x_wconf 86' lang='lat' dir='ltr'>iam</span> <span class='ocrx_word' id='word_1_186' title='bbox 354 3625 532 3704; x_wconf 81' lang='lat' dir='ltr'>viderunt3</span> <span class='ocrx_word' id='word_1_187' title='bbox 563 3623 597 3682; x_wconf 89' lang='lat' dir='ltr'>et</span> <span class='ocrx_word' id='word_1_188' title='bbox 628 3612 772 3680; x_wconf 83' lang='lat' dir='ltr'>nominis</span> <span class='ocrx_word' id='word_1_189' title='bbox 796 3613 933 3698; x_wconf 84' lang='lat' dir='ltr'>gentilis</span> <span class='ocrx_word' id='word_1_190' title='bbox 968 3612 1110 3676; x_wconf 90' lang='lat' dir='ltr'><strong>formam</strong></span> <span class='ocrx_word' id='word_1_191' title='bbox 1132 3615 1333 3693; x_wconf 84' lang='grc' dir='ltr'>Καλακτῖνος</span> 
     </span>
     <span class='ocr_line' id='line_1_27' title="bbox 267 3726 1330 3820; baseline -0.012 -9"><span class='ocrx_word' id='word_1_192' title='bbox 267 3744 325 3811; x_wconf 82' lang='lat' dir='ltr'>vel</span> <span class='ocrx_word' id='word_1_193' title='bbox 347 3735 551 3820; x_wconf 82' lang='grc' dir='ltr'>Καλακτίτης</span> <span class='ocrx_word' id='word_1_194' title='bbox 573 3753 619 3796; x_wconf 87' lang='lat' dir='ltr'>ex</span> <span class='ocrx_word' id='word_1_195' title='bbox 648 3730 758 3794; x_wconf 84' lang='lat' dir='ltr'>numia</span> <span class='ocrx_word' id='word_1_196' title='bbox 789 3734 823 3792; x_wconf 92' lang='lat' dir='ltr'>et</span> <span class='ocrx_word' id='word_1_197' title='bbox 847 3726 1018 3813; x_wconf 82' lang='lat' dir='ltr'><strong>Stephano</strong></span> <span class='ocrx_word' id='word_1_198' title='bbox 1043 3726 1206 3813; x_wconf 87' lang='lat' dir='ltr'><strong>Byzantio</strong></span> <span class='ocrx_word' id='word_1_199' title='bbox 1239 3733 1330 3798; x_wconf 88' lang='lat' dir='ltr'><strong>eruit</strong></span> 
     </span>
     <span class='ocr_line' id='line_1_28' title="bbox 267 3842 1329 3923; baseline -0.011 0"><span class='ocrx_word' id='word_1_200' title='bbox 267 3847 447 3923; x_wconf 70' lang='lat' dir='ltr'>Millerus.</span> <span class='ocrx_word' id='word_1_201' title='bbox 492 3847 626 3914; x_wconf 89' lang='lat' dir='ltr'>Deinde</span> <span class='ocrx_word' id='word_1_202' title='bbox 657 3865 701 3910; x_wconf 84' lang='lat' dir='ltr'>ex</span> <span class='ocrx_word' id='word_1_203' title='bbox 734 3843 841 3909; x_wconf 79' lang='lat' dir='ltr'><strong>eorvis</strong></span> <span class='ocrx_word' id='word_1_204' title='bbox 873 3863 951 3908; x_wconf 88' lang='lat' dir='ltr'>eum</span> <span class='ocrx_word' id='word_1_205' title='bbox 981 3847 1100 3907; x_wconf 89' lang='lat' dir='ltr'>natum</span> <span class='ocrx_word' id='word_1_206' title='bbox 1126 3842 1234 3908; x_wconf 78' lang='lat' dir='ltr'>fuisse</span> <span class='ocrx_word' id='word_1_207' title='bbox 1258 3867 1329 3912; x_wconf 92' lang='lat' dir='ltr'>non</span> 
     </span>
     <span class='ocr_line' id='line_1_29' title="bbox 270 3957 1331 4057; baseline -0.011 -18"><span class='ocrx_word' id='word_1_208' title='bbox 270 3979 321 4038; x_wconf 87' lang='lat' dir='ltr'>est</span> <span class='ocrx_word' id='word_1_209' title='bbox 345 3968 436 4057; x_wconf 86' lang='lat' dir='ltr'>quod</span> <span class='ocrx_word' id='word_1_210' title='bbox 461 3964 715 4043; x_wconf 84' lang='lat' dir='ltr'>addubitemus,</span> <span class='ocrx_word' id='word_1_211' title='bbox 745 3959 773 4025; x_wconf 89' lang='lat' dir='ltr'>ei</span> <span class='ocrx_word' id='word_1_212' title='bbox 804 3958 943 4044; x_wconf 87' lang='lat' dir='ltr'>quidem</span> <span class='ocrx_word' id='word_1_213' title='bbox 966 3977 1089 4022; x_wconf 93' lang='lat' dir='ltr'>nomen</span> <span class='ocrx_word' id='word_1_214' title='bbox 1113 3957 1271 4042; x_wconf 72' lang='grc' dir='ltr'>(Κεκίλιος</span> <span class='ocrx_word' id='word_1_215' title='bbox 1293 3962 1331 4027; x_wconf 92' lang='lat' dir='ltr'>in</span> 
     </span>
     <span class='ocr_line' id='line_1_30' title="bbox 270 4072 1330 4169; baseline -0.013 -15"><span class='ocrx_word' id='word_1_216' title='bbox 270 4086 442 4154; x_wconf 84' lang='lat' dir='ltr'><strong>oodioibue</strong></span> <span class='ocrx_word' id='word_1_217' title='bbox 457 4082 658 4169; x_wconf 87' lang='lat' dir='ltr'>plerumque</span> <span class='ocrx_word' id='word_1_218' title='bbox 678 4074 848 4158; x_wconf 72' lang='lat' dir='ltr'><strong>scribitur)</strong></span> <span class='ocrx_word' id='word_1_219' title='bbox 866 4072 1038 4154; x_wconf 84' lang='lat' dir='ltr'>Latinum,</span> <span class='ocrx_word' id='word_1_220' title='bbox 1056 4073 1109 4139; x_wconf 76' lang='lat' dir='ltr'>vir</span> <span class='ocrx_word' id='word_1_221' title='bbox 1128 4075 1200 4160; x_wconf 79' lang='lat' dir='ltr'>ipse</span> <span class='ocrx_word' id='word_1_222' title='bbox 1220 4075 1330 4141; x_wconf 82' lang='lat' dir='ltr'><strong>Grae-</strong></span> 
     </span>
     <span class='ocr_line' id='line_1_31' title="bbox 269 4183 1325 4286; baseline -0.011 -16"><span class='ocrx_word' id='word_1_223' title='bbox 269 4225 327 4270; x_wconf 82' lang='lat' dir='ltr'>ons</span> <span class='ocrx_word' id='word_1_224' title='bbox 351 4201 429 4286; x_wconf 85' lang='lat' dir='ltr'><strong>fuit3</strong></span> <span class='ocrx_word' id='word_1_225' title='bbox 459 4216 571 4283; x_wconf 88' lang='lat' dir='ltr'>neque</span> <span class='ocrx_word' id='word_1_226' title='bbox 595 4216 615 4258; x_wconf 88' lang='lat' dir='ltr'><strong>a</strong></span> <span class='ocrx_word' id='word_1_227' title='bbox 637 4192 710 4259; x_wconf 82' lang='lat' dir='ltr'><strong>veri</strong></span> <span class='ocrx_word' id='word_1_228' title='bbox 734 4189 949 4255; x_wconf 83' lang='lat' dir='ltr'>similitudine</span> <span class='ocrx_word' id='word_1_229' title='bbox 975 4189 1088 4272; x_wconf 85' lang='lat' dir='ltr'><strong>abest,</strong></span> <span class='ocrx_word' id='word_1_230' title='bbox 1117 4183 1209 4275; x_wconf 73' lang='lat' dir='ltr'>quod</span> <span class='ocrx_word' id='word_1_231' title='bbox 1231 4190 1325 4258; x_wconf 88' lang='lat' dir='ltr'><strong>idem</strong></span> 
     </span>
    </p>
   </div>
   <div class='ocr_carea' id='block_1_6' title="bbox 0 0 1446 4946">
    <p class='ocr_par' dir='ltr' id='par_1_8' title="bbox 0 0 1446 4946">
     <span class='ocr_line' id='line_1_32' title="bbox 0 0 1446 4946; baseline 0 0"><span class='ocrx_word' id='word_1_232' title='bbox 0 0 1446 4946; x_wconf 95' lang='lat' dir='ltr'> </span> 
     </span>
    </p>
   </div>
  </div>
 </body>
</html>
