2872 4946
672 464 892 527 -36-

340 642 394 709 Fr.
419 642 459 708 21
485 639 622 726 Dionys.
647 659 697 726 ep.
726 638 779 706 ad.
804 641 861 708 On.
887 642 997 725 Pomp.
1020 641 1075 724 vl,
1107 643 1173 706 777
1196 643 1234 706 R.
1261 663 1323 728 της

252 751 392 843 φράσεως
414 749 476 820 τῶν
498 751 659 839 νοημάτων
671 752 711 839 ¹⁸)
733 747 771 819 τὸ
792 751 847 839 μὲν
868 746 954 818 κατὰ
977 750 1062 839 φύσιν
1072 745 1239 840 Ἡρόδοτος
1252 752 1321 841 ἐζή-

250 873 337 949 λωσε,
359 864 396 935 τὸ
418 867 451 934 δὲ
473 861 565 934 δεινὸν
580 865 772 952 Θουκυδίδης.
805 862 920 934 Ποισῶν
941 867 973 932 ἐν
990 863 1136 953 theseo)
1162 863 1321 956 ἀρετῶνὴ

249 983 413 1070 κυριοτοὶτη
440 979 476 1049 τὸ
497 983 618 1069 πρέπον.
649 980 767 1066 ταύτην
788 973 991 1067 ὁἮρόδοτος
1017 978 1137 1069 ἀκριβοῖ
1162 980 1322 1070 patienti

251 1096 445 1183 Θονκυδίδης.
476 1091 615 1182 ὁμοειδὴς
639 1091 699 1182 γὰρ
727 1084 815 1174 οὗτος
840 1097 871 1162 ἐν
894 1093 971 1164 πᾶσι
997 1093 1057 1162 κάν
1082 1103 1154 1174 ταῖς
1184 1101 1321 1184 δημηγο·

252 1212 330 1299 ρίαις
351 1208 465 1298 μᾶλλον
487 1208 509 1297 ἢ
531 1217 601 1288 ταῖς
622 1213 800 1296 διηγήσεσιν.
822 1207 890 1295 ἐμοὶ
912 1212 1015 1295 μέντοι
1035 1209 1090 1277 aui
1112 1207 1156 1300 τῷ
1179 1211 1321 1302 φιλτάτῳ

249 1325 399 1415 Καικιλίῳ
421 1330 503 1392 δοκεῖ
524 1321 567 1392 τὰ
588 1322 795 1411 ἐνῖινμήμοιτα
817 1322 910 1392 αι’ντοῦ
934 1324 1070 1412 paimei
1090 1349 1126 1409 γε
1148 1322 1202 1391 καὶ
1222 1325 1321 1412 ζηλῶ-

251 1463 302 1508 σοιι
323 1442 580 1526 hippomenes)
646 1437 652 1449 '

242 1653 342 1723 -κρίσιν
359 1651 391 1706 τὸ
409 1648 528 1719 ἀσφαλὲς
546 1651 658 1721 dieitur3
676 1652 729 1706 hoc
748 1651 821 1706 euim
839 1650 969 1720 impedit,
993 1667 1029 1706 ne
1047 1651 1212 1722 Dionysium
1232 1653 1322 1722 signi·

251 1739 330 1795 ficari
350 1744 514 1809 statuamus,
534 1740 608 1809 quod
626 1741 698 1794 hunc
717 1741 745 1795 in
764 1740 866 1795 iudicio
886 1741 921 1795 de
940 1741 1066 1795 oratioue
1091 1746 1189 1796 contra
1207 1740 1322 1796 Aristo·

251 1829 373 1899 gitonem
390 1825 520 1882 faciendo
538 1829 633 1896 paullo
652 1832 717 1883 ante
736 1829 857 1899 maligne
881 1828 1025 1882 vellicavit
1051 1828 1076 1882 is
1096 1843 1177 1897 quem
1202 1829 1320 1884 Photius

250 1916 390 1985 excerpsit
416 1932 443 1984 p.
462 1917 523 1970 491.
542 1931 568 1970 a.
585 1917 632 1984 323
657 1932 713 1970 nou
732 1916 816 1986 igitur
833 1916 893 1970 fieri
911 1920 1018 1985 potest,
1044 1919 1076 1969 ut
1102 1916 1193 1970 eidem
1222 1917 1320 1971 statim

250 2009 316 2074 post
329 2021 461 2060 summurn
476 2005 586 2060 leudem
604 2005 745 2072 tribuerit3
763 2005 793 2058 id
811 2005 886 2074 quod
904 2005 958 2060 iam
978 2005 1097 2059 Meierus
1117 2009 1261 2060 comment.
1276 2005 1321 2060 IV

251 2092 287 2148 de
305 2089 445 2148 Andocid.
466 2098 551 2149 contr.
572 2093 634 2148 Alc.
654 2110 693 2148 or.
712 2097 769 2148 not.
789 2095 840 2162 763
859 2109 956 2163 opusc.
975 2109 1002 2162 p.
1021 2094 1056 2150 89
1075 2093 1282 2149 animadvortit

323 2197 355 2265 ²⁵)
381 2199 530 2270 vulgatam
557 2200 706 2254 lectionem
736 2188 880 2270 ὀνομάτων
906 2200 1005 2256 Reislr.
1032 2201 1120 2255 variis
1149 2200 1320 2257 coniecturis

252 2289 399 2344 emendare
419 2288 525 2357 studet,
551 2289 695 2359 Krligerus
714 2289 844 2359 Dionysii
863 2289 1085 2360 Historiograph.
1105 2288 1241 2356 defendit;
1267 2289 1322 2344 sed

251 2375 343 2430 omnia
368 2391 440 2444 quae
467 2379 531 2430 ante
556 2376 710 2445 Dionysius
731 2380 898 2444 exposuerat
916 2376 952 2431 ad
972 2376 1077 2445 φράσιν
1094 2375 1239 2448 ὀνομάτων
1255 2392 1321 2446 per-

251 2464 403 2531 tinebant?
420 2464 474 2517 iam
499 2463 583 2533 igitur
605 2464 642 2518 ad
666 2463 741 2518 aliud
758 2464 913 2532 procedens
938 2466 1114 2533 periodorum
1132 2465 1320 2521 constructio-

251 2568 314 2608 nem
333 2556 362 2606 et
380 2553 520 2607 schemate
539 2553 694 2622 significat3
718 2552 747 2605 id
766 2553 841 2622 quod
860 2568 894 2607 ex
917 2555 980 2607 loco
1004 2569 1066 2608 cum
1089 2559 1150 2609 toto
1174 2554 1228 2609 hoe
1245 2558 1321 2608 trac-

239 2645 312 2716 tatu
335 2642 381 2694 vel
406 2640 524 2694 maxime
547 2645 716 2711 congruente
741 2641 876 2696 conicias:
902 2642 957 2694 τῶν
983 2638 1045 2711 οἷρχ.
1068 2645 1139 2714 κρίσ.
1164 2643 1191 2697 V
1210 2644 1264 2698 424
1282 2643 1320 2700 R.

255 2727 336 2800 ῥώμῃ
356 2728 389 2781 δὲ
407 2728 453 2781 καὶ
476 2729 555 2798 ἰσχύϊ
570 2729 617 2782 καὶ
641 2729 711 2802 τόνῳ
736 2729 782 2782 καὶ
807 2731 980 2804 τῷπεριττῷ
1007 2734 1063 2783 καὶ
1089 2731 1322 2802 πολοσχημα-

252 2821 289 2869 τί
295 2834 359 2888 στῳ
385 2817 616 2889 παρηυδοκίμησε·
640 2817 729 2882 (Deum
752 2817 843 2892 ἡδονῇ
869 2817 902 2870 δὲ
920 2817 966 2871 καὶ
984 2823 1084 2872 πειθοῖ
1097 2818 1144 2871 καὶ
1161 2818 1254 2890 χάριτι
1271 2820 1321 2874 καὶ

252 2906 290 2978 τῷ
308 2903 405 2973 ἀφελεῖ
424 2904 595 2975 αὕτοφυεῖ
617 2905 840 2979 ἀβασανίστιρ
858 2907 955 2980 μακρῷ
979 2907 1158 2976 διενεγκόντα
1177 2908 1224 2960 τὸν
1238 2907 1321 2980 Ἡρό-

252 2993 334 3048 δοτον
352 2993 524 3066 εὑρίσκομεν.
560 2995 690 3049 Nimirum
710 3001 737 3049 et
755 2997 803 3050 illa
827 2993 950 3067 ἀρχαίων
968 2999 1058 3067 κρίσις
1082 3001 1111 3051 et
1134 3011 1206 3065 qnae
1225 2995 1270 3050 hic
1289 2997 1320 3050 iu

252 3083 332 3154 epist
352 3083 389 3137 ad
408 3083 458 3139 (in.
478 3083 572 3152 Pomp.
592 3087 780 3153 exponuntur,
807 3099 823 3138 e
841 3085 962 3155 Dionysi
990 3085 1062 3139 libro
1086 3083 1151 3155 περὶ
1170 3082 1321 3155 μιμήσεως

252 3177 385 3239 excerpta
404 3174 470 3225 sunt
489 3169 536 3238 (cf.
554 3171 645 3239 ipsum
662 3171 782 3242 Dionys.
801 3188 845 3241 ep.
865 3172 903 3227 ad
921 3174 972 3229 Cn.
992 3173 1087 3241 Pomp.
1113 3187 1173 3243 cap.
1192 3172 1237 3225 111
1256 3173 1320 3228 init

323 3346 356 3413 ²⁸)
375 3347 482 3417 Vulgo:
505 3344 677 3416 Θονκυδίδης
696 3345 831 3418 ὁμοειδής
848 3347 902 3405 πᾶς
921 3347 959 3400 ὢν
978 3346 1010 3401 ἐν
1021 3347 1120 3416 λόγοις.
1140 3345 1246 3418 ἀρετῶν
1263 3347 1319 3400 κτλ.

250 3434 397 3489 verborum
417 3435 558 3490 distinctio
571 3450 653 3504 quem
665 3436 746 3504 posui
759 3434 924 3503 probatione
936 3451 993 3491 non
1006 3440 1084 3508 eget;
1103 3433 1237 3507 ὁμοειδὴς
1248 3450 1320 3490 vero

250 3521 334 3576 facile
354 3539 389 3576 ex
408 3523 589 3592 sequentibus
609 3523 661 3576 huc
679 3523 802 3592 irrepere
820 3525 919 3592 potuit

323 3608 356 3677 ²⁷)
373 3610 528 3680 Dionysius
540 3610 682 3665 Herodoto
699 3611 730 3661 τὸ
740 3611 808 3663 κατὰ
824 3614 917 3679 φύσιν,
937 3611 1096 3680 Thucydidi
1115 3611 1250 3664 τὸδεινόν
1268 3611 1320 3666 tri-

242 3699 340 3764 ¹bueus
358 3699 426 3753 nihil
445 3698 520 3752 aliud
539 3698 695 3768 significare
712 3700 773 3754 vult
791 3714 874 3767 qnam
891 3699 935 3753 id:
954 3699 1123 3770 Herodotus,
1142 3703 1174 3753 ut
1192 3699 1256 3767 ipae
1268 3715 1320 3754 na·

250 3794 314 3842 tura
337 3786 406 3856 fert,
438 3787 610 3840 enunciatum
638 3787 784 3842 enuncieto
809 3788 927 3856 asserit,
959 3788 1140 3858 Thucydides
1164 3787 1320 3842 artificiose

252 3876 308 3930 alia
326 3877 388 3930 ahie
407 3875 549 3944 implectit,
575 3878 608 3928 ut
625 3875 793 3929 audientium
812 3875 859 3930 vel
877 3876 1027 3946 legentium
1040 3876 1155 3930 'animos
1174 3877 1320 3947 attendat;

251 3963 281 4017 id
299 3963 373 4032 quod
392 3963 596 4016 Demosthenes
615 3963 738 4017 imitatus
764 3966 822 4028 est;
846 3964 940 4031 (plane
966 3965 1082 4018 eandem
1107 3963 1252 4032 utriusque
1281 3964 1320 4018 si-

251 4052 430 4105 militudinem
449 4051 564 4117 exponit
581 4051 637 4106 iud.
656 4050 691 4104 de
710 4051 797 4106 Thuc.
815 4066 876 4120 cap.
895 4054 941 4114 52)
965 4052 996 4106 in
1020 4052 1072 4105 hoc
1090 4056 1191 4120 temen,
1219 4051 1318 4128 iuquit

251 4139 432 4210 Thucydides
452 4144 559 4208 peceat,
579 4139 653 4208 quod
671 4154 780 4206 semper
798 4139 950 4193 artificioso
963 4140 1016 4194 hoc
1026 4139 1202 4207 periodorum
1214 4123 1321 4210 genere

242 4212 345 4296 utitur,
365 4226 447 4280 etiam
465 4231 525 4282 tum
543 4243 603 4282 cum
621 4243 676 4289 non
697 4227 779 4280 decet
796 4227 958 4283 orationem.
