2872 4946
545 433 765 498 ..23-

121 619 155 680 et
178 611 334 700 apodixis
358 611 484 678 eodem
508 610 635 677 reverti
661 608 863 692 rideantur,
891 629 973 676 num
1003 616 1191 696 utrumque

118 728 224 815 plane
249 727 361 811 idem,
394 748 438 794 an
468 725 697 792 differentiam
720 724 891 811 quandam
920 725 1088 791 interesse
1118 731 1189 791 sta·

117 843 227 910 tuerit
249 843 432 925 Caecilius,
458 841 641 909 enucleare
665 861 735 906 non
758 839 862 927 potui.

210 1268 308 1334 Haec
331 1274 411 1333 sunt
446 1287 534 1353 quae
559 1288 604 1333 ex
626 1267 802 1334 rhetoricis
826 1265 940 1331 adhuc
964 1271 1118 1349 exstant,
1150 1267 1187 1333 in
1219 1303 1221 1308 ·

122 1383 270 1470 quibus,
301 1383 329 1448 si
357 1382 441 1468 quid
471 1383 591 1462 video,
619 1382 757 1469 egregia
787 1381 851 1448 uiri
881 1381 1048 1467 sagacitas
1076 1381 1189 1448 minus

120 1499 233 1564 eluxit
257 1518 358 1583 quam
380 1498 417 1562 in
441 1498 567 1563 criticis
586 1503 759 1563 oratorum
776 1495 1052 1581 quaestionibus3
1073 1502 1189 1562 tamen

122 1615 166 1680 ab
190 1614 256 1679 hac
280 1633 417 1698 quoque
444 1620 542 1700 parte
564 1633 635 1678 non
658 1613 818 1698 exiguam
833 1612 925 1698 apud
940 1617 1093 1698 posteros
1109 1611 1189 1677 rhe-

124 1729 209 1794 toris
234 1728 375 1814 gloriam
401 1729 509 1794 fuisse
534 1728 707 1794 eTiberio
730 1727 823 1794 tertii
845 1727 902 1792 vel
926 1727 1039 1812 quarti
1061 1726 1192 1793 saeculi

124 1844 264 1910 rhetore
286 1843 521 1930 perspicimus.

218 2230 371 2296 Tandem
394 2232 487 2298 tertii
510 2234 646 2318 generis
678 2233 880 2321 scriptorum
908 2255 1018 2321 pauca
1041 2233 1190 2318 quidem,

127 2344 193 2412 sed
215 2351 330 2411 tamen
355 2347 441 2412 scitu
466 2347 560 2412 haud
582 2348 724 2435 indigna
747 2349 981 2415 enumeranda
1003 2356 1092 2414 sunt.
1129 2349 1191 2414 Et-

123 2459 215 2524 enim
232 2460 519 2545 quemadmodum
534 2460 720 2548 Dionysius
739 2463 985 2550 posterioribus
1001 2464 1090 2530 vitae
1106 2471 1189 2529 tem·

121 2574 264 2662 poribus
299 2545 468 2642 historiad
497 2577 699 2643 scribendae
734 2578 909 2662 incubuit,
941 2579 990 2644 ita
1020 2577 1190 2644 Caecilius

124 2709 262 2775 quoque
287 2691 330 2755 ab
354 2690 419 2756 hao
438 2691 630 2756 litterarum
644 2698 742 2778 parte
757 2692 904 2758 nonfuit
920 2693 1063 2758 alienus.
1100 2691 1190 2757 Nam

123 2824 195 2870 non
218 2804 331 2871 solum
351 2806 401 2873 de
422 2807 558 2872 bellis
582 2808 817 2873 servilibus
835 2810 875 2873 in
893 2807 1041 2873 Sicilia
1056 2809 1189 2894 gestis

125 2922 384 2986 commentarios
408 2943 486 2987 eum
510 2922 658 2988 edidisse
681 2923 881 2989 Athenaeus
905 2923 937 2988 V
959 2944 1038 3008 pag.
1062 2923 1127 2988 272
1149 2922 1189 2986 F.

127 3036 251 3118 tradit,
283 3035 344 3103 sed
376 3036 494 3119 etiam,
533 3037 624 3122 quod
654 3037 690 3101 in
727 3037 864 3103 rhetore
900 3037 1003 3104 valde
1041 3037 1189 3102 mireris:

74 3166 85 3186 ·
124 3148 209 3236 περὶ
231 3153 305 3215 τῶν
327 3148 414 3218 καίί
442 3150 618 3236 ἱστορίαν
641 3149 661 3239 ἢ
684 3149 763 3237 παρ’
792 3151 964 3237 ἱστορίαν
988 3153 1191 3238 εἰρημένων

123 3271 214 3340 τοῖς
236 3261 391 3352 ῥήτορσι
414 3264 519 3330 Suida
535 3273 675 3332 auctore
691 3266 817 3332 librum
833 3268 1029 3355 composuit.
1074 3265 1106 3330 A
1123 3287 1190 3352 quo

124 3384 241 3444 utrum
265 3378 437 3445 diversum
459 3379 565 3445 suerit
587 3399 698 3447 necne
721 3380 1006 3468 raptisraptis<
1029 3383 1191 3468 scriptum

125 3494 185 3579 (cf.
219 3495 261 3558 fr.
289 3494 346 3578 51)
373 3495 554 3560 nescimus.
608 3495 833 3562 Coniecturae
860 3515 943 3562 vero
974 3517 1075 3582 quam
1100 3493 1191 3562 Kri-

125 3627 234 3696 gerus
273 3607 416 3695 Dionys.
459 3609 764 3697 historiographioa
802 3611 911 3698 praei.
949 3609 1002 3676 IX
1039 3610 1194 3696 protulit,

126 3721 261 3787 scilicet
284 3729 468 3810 utrumque
491 3723 621 3790 librum·
633 3724 805 3790 Ciceronis
824 3727 955 3790 monitu
970 3725 1192 3812 compositum

126 3835 258 3920 fuisse,
278 3839 455 3924 ¹temporis
485 3839 572 3904 ratio
603 3839 770 3925 refragari
793 3840 944 3927 videtur3
989 3839 1032 3904 de
1061 3860 1129 3924 qua
1160 3839 1188 3902 si

130 3958 227 4018 recte
252 3973 270 4020 e
294 3951 401 4020 Suida
424 3959 458 4020 et
482 3959 672 4022 ceterorum
694 3955 860 4021 librorum
888 3959 999 4020 aetate
1023 3954 1190 4019 conclusi·

127 4088 226 4152 mus,
258 4067 426 4134 Caecilius
457 4089 528 4135 non
564 4076 644 4134 ante
675 4069 824 4156 Augusti
859 4069 1035 4156 imperium
1069 4068 1194 4132 florere

126 4183 250 4270 coepit.
