2872 4946
627 1297 892 1426 normarum
919 1347 951 1414 1.

208 1603 219 1620 ,
262 1547 343 1624 tusc
368 1546 452 1615 rstto
481 1546 604 1614 intersit
632 1546 713 1615 tuter
743 1547 1019 1630 rseuuoputucu
1045 1543 1332 1618 1188181818

424 1736 426 1742 ,
531 1660 643 1728 caecili
667 1661 903 1730 decretoribus
926 1662 1047 1730 tibrum.

347 1880 401 1948 De
424 1880 617 1964 Plutarchi,
641 1903 729 1968 quae
753 1883 832 1947 olim
856 1883 1069 1967 ferebantur,
1092 1884 1171 1951 vitis
1193 1883 1228 1950 X
1250 1907 1329 1952 ora·

258 2002 371 2062 torum
384 1984 574 2086 ¹postquam
593 1996 879 2064 Westermannus
894 1999 930 2064 in
948 1999 1163 2084 praefatione
1187 2000 1231 2065 ed
1255 2001 1327 2066 edi·

258 2113 386 2178 tionem
409 2112 512 2178 huius
535 2113 615 2178 libri
636 2135 715 2200 pag.
742 2116 849 2180 1-22
882 2120 916 2179 et
940 2114 1064 2180 deinde
1086 2115 1122 2180 iu
1146 2114 1328 2201 Quaestio·

258 2225 361 2294 nibus
393 2227 666 2296 Demosthenicis
698 2236 786 2316 part.
816 2229 868 2296 IV
896 2253 975 2318 pag.
1005 2233 1134 2298 56—71
1167 2239 1327 2298 accurate

258 2343 435 2427 disseruit,
467 2363 531 2408 nec
557 2344 668 2409 minus
697 2343 876 2410 Arnoldus
907 2344 1094 2412 Sohiferus
1121 2347 1156 2412 in
1185 2347 1326 2434 propria

261 2459 545 2524 commentatione
568 2458 723 2525 Dresdae
747 2480 837 2524 anno
864 2463 949 2526 1844
974 2461 1067 2528 edita
1091 2463 1207 2548 (quani
1230 2463 1326 2548 quod

256 2574 340 2639 mihi
362 2593 485 2660 parare
518 2594 587 2638 non
613 2574 711 2661 potui
738 2574 961 2642 vehementer
988 2576 1106 2663 doleo;
1135 2557 1326 2645 summatim

256 2694 372 2753 tamen
396 2689 601 2754 sententiam
625 2711 722 2754 suam
744 2688 868 2755 iterum
891 2692 1052 2776 exposuit
1075 2698 1193 2756 auctor
1206 2693 1243 2757 in
1263 2714 1325 2757 an·

255 2805 392 2870 nalibus
417 2805 624 2891 antiquitatis
650 2807 735 2869 1848
758 2827 835 2891 pag.
860 2807 958 2890 265):
984 2826 1029 2872 ex
1052 2806 1231 2892 utriusque
1256 2807 1323 2872 viri

258 2921 514 3006 quaestionibus
542 2926 670 2986 certum
699 2926 750 2984 est
781 2921 866 2985 duas
896 2943 972 2987 osso
1005 2928 1121 3010 partes
1153 2923 1322 3007 cuiusque

255 3037 360 3102 vitae:
384 3037 492 3122 prima
514 3036 557 3100 ab
582 3041 722 3101 auctore
748 3036 910 3100 continuo
935 3037 1063 3122 scripta
1086 3042 1150 3118 est,
1177 3037 1323 3102 oratoris
1412 3085 1414 3089 -

254 3151 359 3218 uitam
388 3151 548 3222 ,breviter
587 3149 817 3235 adumbrans3
849 3139 960 3214 altera
996 3173 1076 3236 pars
1120 3151 1204 3216 nihil
1239 3173 1322 3217 con-

253 3268 341 3333 tinui
375 3267 501 3350 habet,
536 3266 598 3331 sed
633 3267 844 3332 accessiones
880 3273 960 3332 suut
995 3268 1163 3352 quaedam
1195 3288 1240 3332 ex
1270 3267 1321 3333 di·

254 3383 362 3450 vorsis
388 3380 584 3446 auctoribus
608 3387 805 3466 excerptae,
838 3381 963 3465 quibus
994 3381 1107 3466 priora
1135 3381 1196 3446 illa
1218 3381 1321 3446 modo

259 3501 462 3582 augeantur,
485 3497 585 3561 modo
602 3497 829 3582 corrigantur,
851 3497 952 3560 modo
969 3497 1085 3583 aliqua
1108 3496 1243 3562 omnino
1267 3517 1323 3560 ra-

255 3611 350 3676 tione
373 3610 559 3677 varientur.
606 3609 730 3675 Totum
753 3609 879 3675 deinde
900 3630 984 3696 opus
1004 3611 1096 3696 quod
1111 3611 1218 3698 ipsius
1238 3609 1320 3676 Plu·

253 3725 366 3791 tarchi
389 3725 604 3791 collectanea
628 3745 704 3790 esse
735 3725 854 3789 statuit
875 3724 1175 3808 Westermannus,
1206 3745 1322 3791 acces·

254 3841 367 3907 aiones
384 3861 521 3927 quoque
539 3841 583 3905 ab
601 3861 639 3906 eo
652 3841 725 3925 ipso
744 3841 886 3906 diversis
903 3841 1115 3926 temporibus
1131 3840 1321 3925 adscriptas

254 3955 318 4021 sibi
340 3953 455 4043 finxit3
473 3955 564 4040 quod
583 3953 762 4020 Plutarchi
778 3955 1005 4041 patrocinium
1020 3961 1138 4042 postea
1155 3955 1321 4020 dimisisse

174 4157 175 4160 Ἴ
253 4070 407 4138 videtur.
465 4070 649 4137 Schiferus
695 4072 988 4137 adumbrationem
1028 4072 1124 4137 illam
1162 4072 1253 4138 vitae
1299 4092 1321 4135 a

256 4187 420 4272 scriptore
449 4187 596 4272 quodam
622 4186 787 4274 Dionysio
810 4187 1080 4254 Halicarnasseo
1110 4208 1181 4252 non
1211 4187 1319 4252 multo
