2872 4946
710 485 906 548 ..8.-

279 659 345 725 bus
368 658 492 725 duetus
515 658 685 724 orationes
714 659 845 745 spurias
867 660 1079 744 iudicaverit,
1103 662 1256 728 breviter
1280 681 1342 727 ex-

278 795 422 863 ponens.
467 773 514 840 At
535 775 646 841 dehis
664 776 815 862 quemvis
831 783 1021 863 temporum
1034 777 1214 863 iniquitate
1239 778 1343 844 nobis

278 891 346 956 iam
373 889 563 977 disseptare
590 911 659 955 non
685 891 805 975 liosat,
835 897 950 958 tamen
976 893 1065 958 illud
1091 894 1341 980 intellegimus,

278 1004 462 1072 (laeoilium
484 1027 553 1070 non
576 1005 695 1071 alienis
724 1006 785 1071 sed
812 1007 882 1072 suis
910 1009 1119 1094 argumentis
1150 1010 1262 1074 nisum
1285 1010 1342 1075 iu·

280 1118 465 1205 dicavisse3
488 1142 564 1187 oum
586 1119 676 1186 enim
698 1120 907 1207 Dionysium,
931 1121 1109 1207 aequalem
1133 1128 1167 1188 et
1191 1123 1344 1188 familie·

278 1256 351 1302 rem
381 1256 497 1319 suum,
527 1236 586 1323 qui
616 1237 648 1303 ei
676 1237 851 1304 iudicandi
879 1237 968 1304 riam
1001 1239 1274 1325 praemunierat,
1305 1237 1343 1304 in

278 1351 393 1417 multis
416 1352 539 1435 rebus,
566 1359 605 1418 ut
627 1373 689 1440 par
711 1358 774 1436 est,
797 1358 980 1439 sequatur,
1009 1359 1124 1419 tamen
1158 1373 1262 1442 saepe
1285 1355 1344 1421 vel

279 1467 424 1534 maximo
438 1468 479 1533 ab
498 1489 538 1534 eo
551 1468 724 1552 abhorret,
742 1469 827 1534 siout
843 1469 1094 1554 Demosthenis,
1108 1470 1150 1536 de
1164 1492 1230 1556 quo
1243 1491 1344 1559 prae·

278 1590 333 1650 ter
360 1585 454 1650 huno
481 1584 607 1651 librum
634 1584 853 1670 singulariter
886 1605 1022 1671 quoque
1050 1586 1203 1672 scripsit,
1231 1587 1340 1652 multo

279 1701 397 1788 plures
426 1722 526 1787 quam
553 1700 738 1787 Dionysius
770 1700 940 1766 orationes
978 1701 1143 1787 genuinas
1177 1701 1343 1788 adgnovit

280 1817 337 1902 (fr.
360 1817 426 1901 16).
471 1815 699 1903 Similiterque
715 1837 793 1883 oum
814 1815 869 1882 hie
889 1817 1044 1882 ordinem
1062 1816 1346 1902 Olynthiaoarum

279 1931 535 2014 immutavisset,
551 1932 658 2015 illum,
676 1933 827 2018 quamvis
847 1939 1047 2019 argumenta
1064 1952 1132 1997 non
1145 1933 1226 1997 satis
1247 1932 1347 1999 firma

280 2046 312 2114 ei
331 2051 564 2134 suppeterent,
580 2046 813 2113 adversarium
834 2048 1005 2113 exstitisse
1024 2049 1177 2114 videmus
1193 2049 1251 2134 (fr.
1274 2050 1343 2133 17).

279 2161 402 2250 Neque
432 2169 545 2228 tamen
574 2162 731 2228 rhetores
761 2168 834 2229 tota
861 2164 1052 2229 studiorum
1086 2165 1218 2228 ratione
1248 2164 1343 2229 inter

280 2297 357 2344 sese
384 2278 648 2344 eoniunotissimi
674 2279 737 2344 tali
763 2278 966 2345 iudiciorum
994 2278 1222 2364 discrepantia
1250 2279 1340 2344 alius

282 2393 325 2459 ab
348 2393 415 2458 alio
439 2393 580 2459 alienati
602 2399 702 2479 sunt;
724 2414 802 2458 nam
824 2393 1009 2481 Dionysius
1031 2393 1067 2460 in
1091 2395 1186 2480 epist.
1210 2394 1254 2458 ed
1278 2392 1342 2459 On.

280 2509 478 2595 Pompeium
496 2507 680 2574 (laeoilium
697 2508 993 2574 familiarissimum
1008 2509 1153 2575 laudens
1171 2509 1342 2596 adipsum

280 2625 373 2690 huno
400 2624 525 2689 librum
553 2623 595 2690 de
627 2623 819 2689 oratoribus
850 2625 1020 2711 respioere
1050 2624 1196 2690 videtur.
1244 2623 1341 2698 Quae

280 2739 310 2805 si
330 2744 424 2805 reete
448 2739 611 2826 suspicor,
633 2745 672 2804 ut
695 2739 831 2825 quando
849 2739 921 2806 fere
938 2738 1107 2805 (laeeilius
1122 2739 1249 2804 librum
1267 2739 1340 2804 edi·

279 2853 368 2920 derit
399 2854 575 2938 definiam,
605 2855 670 2920 hoo
702 2856 831 2922 foetum
863 2875 940 2920 esse
969 2853 1042 2919 dieo
1073 2854 1163 2920 inter
1193 2854 1341 2941 Dionysi

280 2970 457 3056 epistolam
470 2970 512 3036 ad
521 2969 582 3036 (ln.
591 2970 708 3057 Pomp.
721 2977 756 3036 et
768 2970 1026 3037 sommentarios
1040 2969 1083 3036 de
1095 2969 1344 3055 Demosthene,

280 3083 466 3168 Dinarsho,
497 3086 618 3152 ueteris
649 3087 841 3152 oratoribus
871 3085 990 3150 aditos.
1043 3085 1133 3151 Nam
1165 3093 1245 3151 ante
1273 3086 1346 3152 De·

280 3201 491 3266 mosthenem
514 3207 547 3268 et
570 3200 780 3266 Dinarchum
803 3207 953 3267 statuere
977 3207 1011 3267 et
1032 3201 1193 3267 iudieium
1209 3200 1340 3268 aneili

282 3316 325 3382 ds
347 3317 457 3383 altera
488 3316 694 3402 Olynthiaoa
726 3323 759 3380 et
789 3315 877 3380 illud
901 3321 1011 3399 vetat,
1042 3317 1134 3402 quod
1158 3317 1347 3404 Dionysius

279 3432 316 3498 in
337 3431 503 3498 Dinarchi
531 3431 626 3496 initio
650 3431 752 3517 plane
782 3431 830 3495 ita
857 3431 1029 3517 loquitur,
1056 3437 1095 3496 ut
1126 3434 1183 3519 qui
1212 3433 1344 3518 primus

282 3545 326 3612 ad
357 3567 434 3613 eum
465 3553 632 3612 oratorem
663 3547 854 3611 aeouratius
883 3547 1104 3612 tractandum
1138 3548 1348 3612 aooesserit:

279 3660 313 3727 V
334 3683 368 3750 p.
392 3665 455 3727 629
478 3662 520 3726 R.
542 3659 611 3746 ἅμα
633 3659 667 3726 δὲ
689 3657 763 3746 ὁρῶν
788 3659 874 3728 οὐδὲν
897 3659 1020 3748 ἀκριβὲς
1043 3660 1115 3728 οὔτε
1137 3661 1350 3747 Καλλίμαχον

281 3774 351 3844 οὔτε
372 3775 444 3853 τοὺς
465 3777 503 3842 ἐκ
518 3771 683 3860 Περγάμου
699 3775 933 3861 γραμματικοὺς
947 3775 1016 3862 περὶ
1030 3773 1125 3843 αὐτοῦ
1148 3773 1351 3861 apuleam

281 3901 315 3960 et
336 3916 415 3981 pag.
438 3895 501 3958 633
525 3889 547 3957 ἃ
570 3881 622 3957 οὖν
645 3888 704 3976 ἐγὼ
725 3887 839 3966 αὐτὸς
862 3888 910 3957 δι’
937 3891 1103 3978 ἐμαυτοῦ
1126 3887 1352 3977 κατελαβόμην

281 4005 366 4076 ταῦτ’
392 4007 482 4074 ἐστίν.
746 4085 751 4094 ,

368 4123 442 4189 Nes
465 4142 547 4189 vero
572 4122 666 4187 solae
681 4142 736 4187 res
753 4121 888 4186 aritieae
900 4119 1049 4186 aneilio
1071 4139 1173 4185 surae
1186 4119 1351 4204 luerunt,

282 4240 354 4323 sed,
375 4239 411 4305 id
431 4237 604 4326 quodiam
620 4237 838 4304 librititulus
858 4241 984 4321 monet,
1008 4235 1149 4302 delinire
1165 4236 1347 4320 studebat,
