2872 4946
518 468 740 556 ..13-

96 643 183 709 toris
216 641 331 710 libro?
386 643 473 710 Tum
507 663 589 712 vero
619 642 710 731 quod
737 641 923 710 aneiliom
952 642 995 708 de
1024 659 1164 729 praeee-

95 758 256 845 ptoribus
280 759 339 846 qui
358 765 466 824 artem
484 757 669 824 tradebant
685 757 898 824 eoniaoturas
920 756 1105 844 protulisse
1129 761 1166 821 et

97 874 288 959 praeeipne
313 873 356 940 de
378 873 507 960 figuris,
529 879 568 940 ut
587 896 608 939 a
624 874 737 959 primis
759 873 842 940 inde
864 893 974 960 usque
991 871 1035 938 ad
1049 877 1164 958 poste-

96 989 192 1054 riora
223 995 375 1076 tempora
403 995 570 1055 tractatae
600 995 725 1072 assent,
754 975 914 1056 aeourate
944 987 1164 1075 inquisivisse

95 1103 267 1187 vidimus,
298 1104 401 1170 etiam
426 1104 464 1169 id
491 1105 548 1172 vel
569 1104 715 1170 maxime
737 1105 928 1172 sententiae
951 1109 1089 1170 nostrae
1113 1103 1163 1168 fa·

93 1239 180 1286 vere
204 1219 353 1285 videtur.

188 1333 285 1409 Quae
309 1335 338 1400 si
360 1341 454 1401 reete
478 1334 737 1420 disputavimus,
759 1333 849 1400 liber
879 1333 922 1399 de
946 1332 1065 1400 decem
1088 1353 1163 1398 ora·

94 1449 232 1515 toribus
261 1449 418 1532 historia,
449 1469 550 1536 qnam
581 1449 742 1532 dicimus,
778 1448 995 1536 eloquentiae
1027 1445 1164 1514 Atticae

98 1565 188 1650 luit3
220 1584 290 1630 non
320 1571 433 1632 autem
463 1565 610 1631 omnium
639 1570 810 1631 oratorum
838 1563 1075 1651 eloquentiae,
1101 1561 1164 1628 sed

96 1700 218 1745 eorum
245 1685 379 1744 tantum
403 1679 461 1766 qui
486 1685 520 1744 et
543 1680 713 1744 orationes
738 1680 878 1765 scriptas
901 1679 1114 1765 reliquerant
1130 1682 1164 1742 et

94 1800 168 1862 tum
200 1794 364 1880 temporis
394 1795 508 1880 magni
530 1794 621 1860 inter
647 1795 802 1861 rhetores
828 1795 1056 1861 habebantur.
1101 1792 1163 1859 Et·

96 1910 189 1975 enim
213 1929 283 1973 non
306 1909 370 1974 nisi
394 1909 458 1974 hae
483 1910 526 1976 de
549 1930 653 1975 eausa
675 1909 859 1995 Dionysius
883 1929 1019 1997 qnoque
1043 1929 1080 1974 se
1102 1907 1162 1973 Di·

97 2024 267 2090 narehum
294 2024 510 2090 tractandum
538 2025 603 2090 sibi
633 2025 852 2111 proposuisse
880 2023 1060 2109 profitetur
1087 2023 1162 2088 init.

93 2161 177 2226 pag.
206 2141 288 2204 629:
321 2135 394 2224 ὁρῶν
425 2137 458 2204 δὲ
494 2137 548 2204 καὶ
577 2141 685 2204 τοῦτον
717 2137 769 2204 τὸν
800 2136 897 2224 ἄνδρα
928 2137 1012 2224 παρὰ
1039 2142 1164 2215 πολλοῖς

94 2251 266 2338 ίξιωμένον
298 2251 448 2337 ὀνόματος
474 2251 524 2319 ἐπὶ
553 2246 705 2340 δεινότητι
731 2251 828 2338 λόγον
854 2251 910 2318 καί
935 2251 1162 2320 ἀπολελοιπότα

95 2368 263 2455 δημοσίους
300 2391 336 2434 τε
370 2367 424 2433 καί
465 2368 557 2444 ἰδίους
594 2366 701 2453 λόγους
739 2365 810 2434 οίίτε
848 2364 966 2452 ὀλίγους
1003 2365 1074 2434 odos
1111 2364 1163 2433 εί-

94 2481 351 2570 καταφρονήτους
372 2479 538 2571 ἡγησάμην
565 2486 626 2549 δεῖν
657 2480 701 2571 μὴ
732 2486 914 2568 παραλιπεῖν
945 2481 1047 2550 αὐτόν.
1092 2482 1161 2550 Ita·

95 2620 165 2687 que
182 2598 311 2664 Caecili
327 2599 502 2684 negotium
527 2605 613 2665 erat:
640 2604 674 2664 et
698 2605 828 2664 eertum
851 2599 1022 2685 quendam
1045 2619 1162 2666 nume·

95 2735 173 2780 rum
196 2733 315 2780 eorum
338 2714 396 2800 qni
417 2715 486 2778 iam
508 2714 628 2780 summi
652 2712 870 2779 habebantur
892 2715 1100 2780 constituero
1127 2718 1162 2778 et

93 2828 271 2912 iudicium,
291 2830 382 2915 quod
399 2830 504 2915 vulgo
524 2830 566 2894 de
585 2829 632 2894 eis
650 2828 838 2911 ferebatur,
858 2829 938 2894 dum
958 2829 1093 2915 singula
1107 2829 1161 2892 in-

94 2945 258 3030 quireret,
271 2945 461 3010 aoouratius
476 2944 627 3009 definire.
664 2942 739 3017 Quo
751 2963 893 3009 munere
907 2966 1009 3031 quam
1022 2944 1160 3030 egregie

93 3064 173 3144 post
196 3057 400 3146 Dionysium
423 3061 562 3126 innotus
590 3060 650 3142 sit,
676 3079 746 3125 non
770 3065 834 3142 est,
856 3079 919 3124 our
941 3061 1066 3126 iterum
1087 3078 1158 3123 mo·

96 3193 251 3238 neamus.

185 3545 349 3632 Sequitur
365 3545 455 3611 liber
476 3545 518 3612 de
535 3545 706 3612 Platone
724 3552 762 3611 st
779 3544 916 3631 Lysia.
962 3546 1047 3614 Cum
1071 3547 1159 3612 enim

92 3659 137 3726 de
170 3659 290 3726 decem
320 3661 512 3726 oratoribus
537 3661 711 3747 disputans
740 3659 909 3726 (laeoilius
938 3660 1077 3748 Lysiam
1104 3679 1157 3726 re-

91 3774 159 3841 bus
183 3775 401 3841 inveniendis
432 3774 568 3862 quidem
604 3781 719 3860 aptum
753 3777 815 3841 sed
844 3776 1063 3862 disponendis
1097 3775 1157 3839 inr-

90 3910 212 3976 parem
232 3889 386 3973 dixisset,
408 3889 510 3977 plane
527 3891 646 3954 mirum
663 3889 811 3972 videtur,
835 3891 938 3978 quod,
962 3892 990 3956 si
1005 3890 1158 3955 Pseudo·
1179 3903 1182 3909 '

89 4005 270 4091 longinum
286 4028 318 4070 π.
335 4001 387 4092 ίψ.
410 4004 577 4088 audimus,
594 4004 731 4091 Lysiam
747 4006 853 4092 magis
874 4027 974 4093 quam
990 4025 1027 4069 se
1046 4005 1157 4091 ipsum

92 4120 254 4207 diligens,
276 4118 431 4185 Platonis
446 4141 527 4186 vero
540 4119 835 4185 vehementissimo
854 4120 931 4184 odio
950 4126 1044 4186 astus
1064 4119 1155 4185 huno

91 4235 257 4301 acerrime
281 4233 498 4321 vituperavit,
520 4235 618 4301 illum
641 4235 685 4300 ad
701 4234 836 4300 eoelum
851 4234 1013 4301 laudibus
1032 4236 1156 4300 extulit
