2872 4946
680 394 897 456 -24-

348 563 506 650 Denique
528 565 564 630 in
588 566 766 634 Strabonis
791 570 904 636 verbis
927 569 960 634 V
982 591 1014 656 p.
1039 573 1082 636 20
1113 576 1208 636 recte
1231 570 1325 636 ldiil·

256 681 361 764 lorus,
384 681 580 748 Oramerum
604 689 757 767 secutus,
789 684 916 752 (laecili
939 687 1014 752 loco
1038 688 1204 752 restituit:
1230 687 1325 754 Kal·
1422 681 1423 752 3

257 800 338 873 λιος
360 794 375 863 ὃ
399 799 458 863 τῶν
474 794 641 883 Ῥωμαίων
664 798 862 886 συγγραφεύς.

697 995 894 1004 -0---0—

348 1136 456 1222 Atqui
493 1137 677 1201 etiamnum
715 1136 899 1220 supersunt
940 1132 1127 1217 quaedam,
1162 1153 1249 1218 quac
1294 1132 1324 1197 si
1422 1127 1423 1136 ³

255 1252 396 1334 uberius
419 1251 518 1316 nobis
543 1256 733 1331 exstarent,
762 1268 831 1313 non
853 1247 1028 1312 minimum
1060 1246 1226 1312 adderent
1250 1268 1321 1311 mo·

254 1375 406 1435 mentum
430 1367 473 1431 ad
496 1365 623 1432 Caecili
646 1372 680 1432 et
701 1367 878 1450 ingenium
906 1369 939 1427 et
968 1381 1080 1426 mores
1108 1368 1201 1426 recte
1231 1363 1321 1427 iudi·
1422 1367 1423 1376 ’

255 1484 375 1551 canda.
429 1483 631 1570 Dionysium
666 1481 756 1546 enirn
786 1501 863 1544 curn
898 1483 1030 1542 constet
1072 1477 1223 1561 linguam
1250 1477 1321 1541 Ro·
1422 1479 1423 1482 ’

255 1599 389 1666 menam
424 1598 581 1663 didicisse
620 1602 653 1660 et
688 1596 861 1660 notissima
897 1611 1054 1679 quaeque
1089 1591 1322 1657 Romanorum
1422 1617 1423 1650 t

256 1715 380 1800 scripta
397 1713 596 1799 cognovisse
609 1711 727 1798 Antiq.
741 1711 838 1775 Rom.
854 1708 883 1792 Ι,
896 1712 932 1793 73
950 1708 992 1772 de
1010 1708 1114 1793 antiq.
1132 1712 1275 1771 oratorr.
1288 1709 1322 1790 3,

255 1836 370 1894 tamen
392 1835 529 1914 praeter
552 1827 646 1891 locos
670 1832 947 1891 commemoratos
972 1824 1097 1888 nullibi
1130 1822 1173 1889 ad
1201 1843 1243 1887 ea
1266 1841 1321 1886 re·
1422 1847 1423 1914 3

254 1945 385 2030 spicere
401 1943 547 2008 videtur.
579 1943 703 2008 Mirum
718 1942 821 2026 igitur
838 1939 929 2028 quod
942 1938 1129 2005 Caecilium
1145 1939 1321 2023 proprium

252 2057 380 2122 librum
403 2056 577 2142 scripsisse
606 2055 760 2122 videmus
789 2075 833 2120 ex
856 2054 962 2120 Suida
991 2061 1024 2119 et
1047 2053 1254 2135 Plutarcho,
1283 2055 1320 2117 in
1422 2059 1423 2114 l

254 2192 321 2258 quo
346 2171 551 2237 ¹ciceronem
582 2192 658 2236 cum
688 2169 920 2236 Demosthene
950 2171 1173 2255 comparavit3
1204 2192 1319 2256 neque
1422 2227 1423 2230 ,

252 2285 300 2367 ita
318 2284 453 2370 quidem
473 2292 511 2350 ut
532 2305 643 2348 mores
668 2285 739 2351 sive
763 2287 855 2351 vitae
880 2285 1051 2370 quandam
1075 2286 1319 2368 condicionem,

253 2399 314 2464 sed
336 2400 410 2486 ipsa
433 2420 563 2486 genera
586 2399 721 2464 dicendi
744 2401 923 2484 utriusque
954 2401 1043 2465 inter
1069 2421 1104 2466 se
1129 2401 1318 2485 conierret;
1422 2411 1423 2472 ξ

252 2513 345 2601 quod
368 2521 402 2580 et
424 2515 488 2601 ipsi
511 2514 696 2579 Plutarcho
721 2514 806 2581 adeo
829 2516 950 2580 mirum
969 2515 1134 2599 'videtur‚
1169 2523 1207 2580 ut
1239 2517 1316 2582 rhe·
1422 2579 1423 2588 ,

249 2635 358 2694 torem
386 2629 506 2694 nimiae
535 2632 752 2715 arrogantiae
776 2637 920 2697 accuset
944 2630 1004 2715 (fr.
1028 2633 1096 2714 52).
1144 2630 1250 2696 Ouius
1276 2631 1317 2696 li·
1422 2637 1423 2718 f

250 2746 346 2827 belli,
371 2744 463 2831 quod
478 2765 521 2810 ne
537 2745 728 2831 fragmenta
751 2745 890 2831 quidem
904 2747 1112 2830 investigare
1129 2747 1235 2832 potui,
1259 2747 1316 2812 vel

248 2861 395 2942 maxime
413 2860 524 2926 doleo.
564 2860 632 2926 Sed
643 2861 849 2926 Plutarchus
867 2861 902 2924 in
920 2861 1171 2946 comparatione
1188 2861 1314 2926 utrius·
1422 2857 1423 2940 ᾗ

249 2997 316 3064 que
340 2976 484 3042 rhetoris
508 2998 586 3041 cum
609 2976 744 3041 dicendi
768 2997 886 3040 eorum
907 2978 974 3041 vim
999 2982 1033 3042 et
1050 2977 1225 3042 scientiam
1241 2998 1313 3042 non

249 3093 410 3178 attingat,
440 3093 541 3157 etiam
565 3090 749 3156 Caeciliani
785 3092 870 3156 nihil
902 3112 1057 3156 servasse
1090 3091 1244 3174 videtur3
1282 3096 1315 3155 et

250 3227 338 3292 quae
370 3206 461 3293 apud
492 3205 808 3289 Pseudolonginum
836 3227 866 3270 rr.
894 3202 990 3290 ὕψους
1020 3225 1093 3292 cap.
1125 3208 1165 3268 12
1195 3205 1224 3287 5.
1249 3209 1271 3268 4
1296 3226 1315 3269 a

249 3321 426 3386 nonnullis
443 3320 688 3406 interpretibus
706 3319 852 3386 Oacoilio
870 3320 1040 3386 vindicata
1058 3325 1150 3401 sunt,
1174 3320 1215 3383 ab
1239 3320 1314 3404 ipso
1422 3413 1423 3418 γ

214 3479 216 3484 -
249 3441 390 3500 auctore
413 3435 567 3522 prolecta
589 3443 690 3523 puto;
721 3437 986 3502 Demosthenem
1017 3437 1106 3502 enim
1138 3458 1214 3502 oum
1246 3438 1313 3504 lul·

247 3549 338 3628 mine
367 3551 479 3616 subito
512 3551 684 3616 incidente
716 3559 819 3638 atque
849 3553 962 3617 omnia
996 3558 1198 3637 quassante,
1235 3573 1312 3620 cum

247 3663 316 3748 igni
349 3665 418 3730 late
442 3671 474 3739 at
504 3666 665 3730 continuo
699 3667 866 3752 flagrante
891 3666 1090 3733 ciceronem
1125 3671 1310 3754 comparat.

248 3778 295 3844 At
317 3779 404 3844 tales
434 3780 654 3867 metaphorae
685 3802 706 3868 a
729 3779 857 3846 Caecili
879 3783 1016 3868 ingenio
1042 3783 1175 3849 alienae
1201 3785 1310 3851 luisse

247 3893 420 3975 videntur,
443 3913 555 3982 neque
578 3894 890 3984 Pseudolonginus‚
915 3900 943 3964 si
966 3898 1009 3964 ad
1033 3899 1224 3965 adversarii
1248 3902 1310 3968 ali·

249 4009 342 4094 quod
369 4008 531 4073 iudicium
565 4011 789 4096 respexisset,
823 4013 915 4076 illius
948 4033 1073 4078 nomen
1105 4015 1311 4080 reticuisset.

248 4119 289 4184 Id
317 4129 430 4187 tamen
458 4143 502 4188 ex
532 4123 711 4190 Plutarchi
740 4127 854 4191 verbis
889 4128 1050 4211 colligas,
1086 4127 1311 4196 Demostheni

246 4237 353 4324 magis
377 4234 549 4324 δεινότητα,
573 4239 730 4305 Ciceroni
751 4237 893 4328 ἡδύτητα
915 4240 1102 4308 Caecilium
1134 4245 1310 4310 tribuisse.
