2872 4946
511 461 732 524 -29-

481 753 518 819 ll.
542 753 584 818 lle
605 749 771 818 indocile.

176 898 230 962 Fr.
243 894 273 958 6.
296 895 353 960 vit.
377 895 418 959 X.
443 914 505 959 orr.
530 914 561 975 p.
587 893 651 958 835
673 893 712 959 A.
736 893 822 974 δηλοῖ
844 887 877 956 δὲ
891 889 917 974 ⁸)
942 885 1009 974 περὶ
1031 886 1157 954 πάντων

82 1009 116 1075 όν
144 1014 210 1084 τοῖς
237 1002 336 1090 λόγοις
366 996 411 1081 οἱς
439 1007 655 1091 συγγόφροιρεν·
684 1003 713 1070 οί
746 999 887 1089 μὲνγὰρ
917 999 1157 1088 ἀπολογουμένου

82 1117 240 1209 περὶτῶν
263 1118 434 1206 μυστηρίων
462 1117 544 1199 eleis,
573 1117 602 1184 οί
623 1117 657 1185 δὲ
681 1115 818 1186 mulsos
845 1119 992 1203 δεομένου.
1025 1114 1155 1194 σιόζεται

83 1235 121 1304 δὲ
143 1232 237 1302 αὐτοῦ
261 1231 316 1300 καί
337 1227 353 1300 ὁ
376 1231 444 1320 περί
465 1237 526 1319 τῆς
547 1230 698 1312 ἐνδείξεως
718 1231 807 1317 λόγος
832 1229 887 1298 καί
909 1229 1059 1315 ἀπολογία
1080 1225 1156 1316 πρὸς

83 1349 217 1418 Φαίακα
238 1345 382 1432 καὶπερὶ
404 1345 612 1433 πηςοίρήνης.
684 1392 686 1396 -

165 1468 220 1532 nr.
243 1445 283 1532 λ.
317 1463 395 1530 ibic.
432 1465 497 1529 835
527 1465 564 1528 s.
588 1459 654 1529 ue
674 1459 708 1527 οε
730 1453 845 1538 ἁπλοῦς
866 1458 920 1526 καὶ
942 1456 1156 1536 ἀκατάσκευος

83 1579 119 1644 ἐν
142 1583 208 1656 τοῖς
228 1575 327 1661 λόγοις
349 1572 467 1663 ἀφελής
487 1601 523 1642 τε
544 1573 599 1642 καί
622 1573 862 1662 ἀσχημάτιστος
879 1578 905 1662 ⁹)

500 1781 552 1847 ιιι.
576 1781 618 1846 νο
640 1779 746 1862 nisis..
823 1821 825 1828 ·

173 1924 229 1989 Fr.
253 1923 283 1987 8.
307 1921 386 1988 ibid.
410 1920 474 1984 836
497 1921 536 1987 A.
560 1921 703 2005 φέρονται
725 1916 758 1984 δὲ
780 1914 921 2005 amolo)
943 1913 1026 2000 λόγοι
1047 1937 1153 2000 τετρα-

84 2034 182 2102 κόσιοι
209 2033 402 2101 εἰκοσιπέντε·
430 2030 548 2098 τούτων
577 2031 716 2116 γνησίους
745 2029 836 2118 ρασίν
865 2031 894 2098 οί
919 2029 986 2117 περί
1007 2028 1154 2097 Διονύσιον

84 2147 141 2216 καί
163 2149 322 2217 Καικίλιον
345 2141 421 2214 εἶναι
442 2145 611 2224 διακοσίους
636 2146 803 2232 τριάκοντα
830 2147 897 2234 (vel
923 2151 1030 2233 potius
1053 2153 1155 2213 διακο-

85 2263 167 2342 σίους
196 2262 363 2350 τριάκοντα
385 2267 466 2349 τρεῖς
488 2273 523 2328 ut
546 2271 636 2348 petet
661 2285 702 2330 ex
715 2261 857 2349 Photio),
880 2264 911 2328 ἐν
934 2255 978 2340 οἷς
998 2259 1044 2339 δίς
1066 2260 1156 2348 μόνον

160 2459 182 2524 ⁸)
202 2458 265 2511 Non
282 2457 374 2512 liabeo
392 2472 441 2510 cur
459 2457 529 2510 haec
546 2455 667 2511 Caecilio
685 2455 832 2526 vindicem,
858 2455 913 2510 nisi
931 2456 1005 2525 quod
1024 2439 1156 2526 analogii

88 2545 227 2615 quaedam
247 2545 375 2598 similium
393 2545 423 2598 in
441 2545 542 2598 ceteris
559 2544 627 2598 vitis
644 2559 735 2597 rerum
753 2544 824 2598 hunc
842 2544 1028 2614 suspicionem
1041 2545 1154 2622 sundet3

86 2649 255 2703 ¹quemquem
288 2637 392 2686 certum
427 2633 583 2687 orationum
613 2632 792 2702 genuinsrum
818 2648 959 2687 numerum
982 2633 1026 2687 hic
1054 2623 1153 2686 deesse

88 2721 363 2775 animadvertendum
383 2724 442 2787 est3
468 2735 558 2790 neque
582 2735 650 2774 vero
676 2719 756 2774 deest
773 2724 887 2788 propter
906 2719 1058 2774 scribarum
1082 2721 1154 2774 iner-

88 2808 162 2877 tium,
184 2807 237 2862 sed
254 2809 317 2877 ipse
335 2808 457 2878 scriptor
475 2807 536 2862 eum
555 2808 654 2876 omisit,
674 2807 699 2862 si
718 2808 828 2876 quidem
838 2807 962 2877 Photius,
981 2823 1042 2861 cum
1061 2812 1156 2863 cetere

89 2901 217 2950 accurate
237 2911 271 2950 ex
288 2897 331 2953 his
350 2896 416 2950 vitis
437 2896 589 2965 describet,
607 2896 673 2950 nihil
692 2897 794 2950 certius
814 2896 867 2951 hoc
885 2895 948 2950 loco
966 2895 1063 2951 trudit.

159 2985 181 3050 ⁹)
200 2982 418 3055 Ἀσχημάιιστον
429 2999 510 3038 nemo
521 2999 589 3038 vere
602 2983 777 3038 Andocidem
797 2983 888 3039 dicere
906 2985 997 3051 potnit
1014 2983 1069 3039 nisi
1082 2984 1153 3039 Ouo-

90 3071 177 3140 cilius,
196 3073 245 3142 qni
263 3088 319 3127 non
337 3072 372 3126 de
391 3070 528 3141 omnibus,
548 3071 600 3126 sed
617 3071 699 3126 modo
718 3072 753 3126 do
773 3072 972 3126 sententiarum
989 3071 1085 3142 figuris
1098 3071 1157 3125 hoe

91 3161 177 3230 accipi
194 3159 301 3228 volnit3
328 3159 423 3228 itaque
442 3160 511 3213 hsec
530 3159 653 3215 Caecilio
672 3159 767 3214 deberi
791 3165 894 3214 certum
918 3165 977 3228 est3
1002 3176 1074 3229 quse
1093 3176 1155 3214 cum

1 3289 2 3310 ,
90 3248 204 3304 Photius
228 3263 363 3318 perverse
389 3248 588 3317 intellexisset,
613 3245 811 3318 ἀσχηματίστῳ
829 3246 1071 3319 σχηματιζόμενος
1099 3247 1154 3303 sibi

91 3336 247 3391 correxisse
265 3337 344 3390 visus
364 3339 427 3402 est3
447 3335 481 3390 de
501 3351 555 3404 qua
572 3335 664 3390 Photii
689 3335 933 3390 circumscribendi
952 3336 1153 3391 consuetudine

93 3423 125 3481 ci.
145 3423 272 3480 Schlifer.
291 3422 399 3478 Ztschr.
418 3421 435 3478 f.
456 3422 494 3478 A.
514 3424 584 3479 1848
602 3437 667 3493 pag.
685 3423 741 3478 254
759 3438 801 3492 sq.

160 3511 192 3579 ¹⁰)
212 3511 257 3564 Ex
276 3511 374 3566 eodem
393 3526 447 3580 quc
466 3510 647 3581 Pseudoplut.
672 3515 785 3565 suctore
805 3510 908 3565 Suidus
933 3511 1054 3580 pendere
1077 3511 1155 3566 vide·

1 3617 2 3620 ’
92 3603 136 3653 tur
154 3599 204 3668 qui
222 3615 245 3655 s.
264 3616 291 3670 v.
310 3602 416 3655 Λυσίάς
440 3599 511 3652 haee
528 3599 630 3654 habet:
659 3597 736 3668 λόγοι
764 3597 797 3651 δὲ
825 3595 908 3650 αὐτοῦ
935 3599 1060 3667 λέγονται
1083 3598 1157 3666 εἶναι

90 3686 203 3759 γνήσιοι
231 3684 305 3754 ὑπὲρ
331 3685 393 3742 τούς
420 3683 444 3737 τ’
472 3686 564 3753 (immo
588 3683 615 3737 a?
639 3686 813 3742 scribendum
839 3703 900 3741 cum
923 3685 1065 3756 Kustero;
1091 3703 1155 3742 nem

92 3773 341 3844 Pseudoplutarchi
367 3789 507 3828 nnmerum
537 3790 592 3828 non
621 3790 686 3828 esse
716 3778 872 3843 corruptum
895 3774 988 3830 Photii
1015 3790 1156 3831 consensu

92 3867 212 3931 constet)
230 3866 277 3914 καὶ
296 3860 383 3934 ἕτεροι
399 3861 467 3933 πρὸς
485 3860 590 3920 τούτοις
608 3859 856 3934 ἇμφιδοξούμονοι.
875 3863 912 3934 τῷ
931 3861 964 3915 dl
981 3863 1094 3933 καθαρῷ
1106 3863 1155 3934 τῆς

92 3949 216 4022 φράσεως
235 3948 337 4002 οὐδένα
355 3949 421 4019 ἔσχε
439 3949 569 4021 μιμητὴν
586 3951 659 4021 πλην
675 3949 844 4020 Ἰσοκράτους.
863 3949 971 4024 ἔγραψε
988 3950 1080 4003 δὲκαὶ
1095 3953 1155 4020 τέχ-

91 4058 139 4096 νας
157 4039 304 4111 ῥητορικὰς
320 4038 367 4090 καὶ
387 4039 563 4109 δημηγορίας
584 4035 708 4109 ἐγκώμιά
725 4056 754 4091 τε
771 4039 817 4091 καὶ
843 4037 1002 4106 ἐπιταφίους
1031 4038 1078 4090 καί
1097 4036 1156 4090 ἒτιι-

91 4128 186 4184 stolus
205 4126 239 4193 ζ’,
263 4131 335 4200 μίαν
352 4125 409 4197 μὲν
426 4125 622 4197 πραγματιαην
642 4125 692 4192 Ιτὰς
718 4126 751 4178 δὲ
775 4127 870 4184 λοιπὰς
894 4127 1033 4197 inermes,
1063 4121 1102 4180 ὦν
1126 4125 1161 4178 αἱ

1 4223 2 4226 ’
91 4217 172 4267 πέντε
189 4213 258 4286 πρὸς
274 4213 413 4285 μειράκια.
432 4243 466 4253 -
477 4215 614 4290 *Ceterum
632 4212 667 4269 ef.
685 4214 846 4284 epimetrum
865 4215 902 4270 11.
