2872 4946
503 347 722 464 -ιι-

77 578 277 669 loquentiae
300 577 425 664 Lysiae
449 577 671 663 gracilitatem
694 575 908 668 praelaturus
932 573 991 655 sit,
1020 579 1135 640 tamen

77 697 139 785 qui
161 695 206 760 de
229 694 424 760 rhetoribus
449 693 517 757 illis
541 698 633 757 recte
656 690 808 757 iudicare
831 689 918 772 vult,
950 689 999 754 eis
1022 689 1137 776 ignos-

79 818 150 894 cet,
183 809 276 898 quod
297 809 386 874 iusto
411 806 555 873 Asiatici
578 809 713 893 generis
737 805 873 871 dicendi
897 803 974 896 odio
997 802 1139 872 abducti

78 927 178 992 nimis
204 925 297 990 anxii
319 923 397 1011 puri
421 929 455 988 et
470 923 625 1002 consueti
642 921 747 988 Attici
764 921 927 987 sermonis
948 921 1143 988 exstiterint

78 1042 229 1128 patroni.

169 1154 331 1220 Ceterum
353 1152 481 1218 Caecili
503 1153 652 1235 libellus,
676 1153 741 1218 uisi
763 1152 876 1233 fallor,
899 1157 975 1237 post
998 1151 1145 1240 Dionysi

78 1270 264 1355 epistulam
287 1268 332 1333 ad
355 1267 416 1332 On.
441 1267 558 1354 Pomp.
581 1269 616 1334 in
638 1269 750 1333 lucem
772 1266 913 1353 prodiit3
943 1287 1013 1331 non
1043 1268 1144 1352 enim,

78 1386 144 1450 uisi
167 1385 216 1449 ita
241 1388 341 1465 essct,
364 1382 550 1470 Dionysius
574 1389 707 1449 ceteros
725 1382 879 1448 Platonis
896 1383 1143 1468 vituperatores
1211 1423 1213 1428 ·

78 1503 127 1568 ibi
151 1520 419 1566 commemorans
443 1495 520 1584 (VI,
544 1502 605 1564 757
630 1500 693 1584 R.)
710 1498 948 1564 amicissimum
960 1496 1145 1563 Caecilium

78 1617 285 1683 reticuisset.

513 1811 729 1822 —n———u

172 2004 305 2070 Similes
329 2004 454 2070 deinde
479 2003 521 2068 de
545 2009 717 2068 oratorum
739 2002 994 2068 characteribus
1021 2004 1100 2068 libri
1123 2025 1144 2070 a

82 2119 434 2185 Suidanominantur:
456 2117 640 2204 σύγκρισις
656 2119 918 2205 Δημοσῖιένους
936 2115 1002 2182 καὶ
1022 2117 1147 2203 Αἰσχί-

81 2258 140 2299 νον
165 2241 203 2299 et
226 2232 351 2319 σέγκρ.
376 2235 645 2321 Δημοσῖιένους
666 2231 733 2298 καὶ
754 2231 971 2317 Κικέρωνος
998 2233 1056 2318 (de
1080 2254 1148 2320 quc

80 2350 163 2416 vide
186 2348 303 2431 infra),
328 2369 474 2435 quorum
498 2348 690 2434 fragmenta
711 2349 808 2416 nulla
830 2348 926 2434 potui
948 2349 1112 2415 invenire.

173 2461 327 2528 Accedat
356 2464 411 2528 his
442 2464 740 2529 vocabulorum
769 2463 962 2530 delectus
992 2487 1012 2529 a
1041 2462 1147 2529 Suida

84 2577 224 2643 allatus:
256 2575 355 2663 (κατὰ
376 2581 500 2663 Φρυγῶν
524 2576 591 2662 δύο)
618 2575 684 2643 ἔστι
711 2577 744 2643 δὲ
772 2576 857 2644 κατὰ
884 2587 1039 2664 στοιχεῖον.
1071 2575 1146 2644 ἀπό·
1226 2583 1232 2598 ’

80 2690 174 2769 δειξις
196 2695 249 2757 τοῦ
273 2693 418 2780 εἰρήσῖιαι
446 2697 549 2758 πᾶσαν
578 2690 658 2770 λέξιν
684 2692 977 2782 καλλιρῤημοσύνης.
1009 2691 1075 2759 ἔστι
1104 2691 1139 2758 δὲ

83 2805 196 2893 ἐκλογὴ
224 2804 334 2884 λέξεων
357 2804 442 2872 κατὰ
466 2815 624 2892 cesenatem
653 2829 754 2894 quem
778 2809 890 2872 locum
921 2831 999 2874 cum
1030 2830 1145 2874 corru-

82 2929 180 3009 ptum
204 2942 278 2987 esse
307 2928 479 3007 appareat,
501 2923 574 2987 reri
598 2923 765 2988 simillime
787 2925 977 2990 restituisse
1008 2924 1144 2991 videtur

82 3037 236 3102 Meicrus
261 3039 455 3121 (comment.
481 3036 523 3101 de
546 3037 679 3103 Andoc.
703 3060 751 3103 or.
774 3037 827 3105 IV
849 3046 919 3105 not.
943 3043 1000 3127 443
1028 3060 1145 3126 opusc.

81 3175 160 3238 pag.
179 3153 278 3235 131):
301 3149 414 3239 έκλογή
431 3149 543 3230 λέξεων
559 3151 644 3218 κατὰ
666 3161 822 3238 στοιχεῖον.
846 3152 912 3220 ἔστι
935 3154 968 3221 δέ
992 3151 1146 3231 ἀπόδειξις

83 3271 137 3333 τοῦ
150 3267 295 3353 εἰρῆσῗιαι
318 3267 403 3350 (velt
427 3270 481 3331 τοῦ
506 3269 567 3333 δεῖν
587 3268 769 3355 εἰρῆσὲιαιῗ)
793 3271 895 3335 πᾶσαν
913 3267 994 3348 λέξιν
1016 3269 1139 3354 καλλιῤ·

85 3379 260 3469 panemve<
283 3382 369 3465 (velz
393 3379 474 3466 μετὰ
494 3383 612 3469 καλλ.);
642 3391 676 3449 et
698 3385 791 3449 hunc
815 3377 952 3473 quidem
976 3385 1147 3450 delectum

85 3496 129 3561 ad
155 3496 248 3560 solos
273 3503 426 3561 oratores
452 3504 624 3581 spectasse
646 3521 723 3565 cum
744 3521 807 3586 per
830 3521 867 3565 se
889 3501 1069 3586 probabile
1094 3505 1146 3566 est

85 3617 158 3675 tum
181 3609 431 3698 Lysimachidis
456 3611 554 3695 libro,
586 3615 644 3701 qui
667 3616 698 3681 ei
721 3617 894 3702 oppositus
919 3623 1004 3700 erat,
1026 3615 1147 3681 confir-

84 3731 199 3791 matur
222 3726 279 3811 (fr.
302 3725 371 3809 28).
417 3725 696 3817 Καλλιῤῥημοσένη
727 3736 841 3797 autem
867 3731 1036 3796 vocabulo
1065 3730 1150 3795 (iae-

83 3843 186 3907 cilius
204 3842 415 3928 significasse
432 3843 570 3909 videtur
582 3846 704 3928 omnia,
721 3867 809 3932 quae
822 3847 1008 3911 orationem
1018 3866 1150 3932 puram,

84 3957 278 4041 honestam,
302 3979 442 4043 gravem
466 3958 635 4045 efficiunt3
668 3961 696 4025 si
719 3961 857 4048 quidem
879 3961 1064 4048 Dionysius
1087 3960 1148 4026 tali

85 4073 143 4138 vel
173 4072 340 4138 similibus
368 4075 484 4140 verbis
514 4075 550 4140 id
579 4075 759 4161 signifieat:
793 4064 848 4142 de
864 4097 970 4163 comp.
998 4075 1094 4141 verb.
1124 4076 1145 4139 3

83 4185 166 4266 λέξις
195 4186 327 4273 >tubunis
354 4186 409 4254 καὶ
445 4188 673 4278 καλλιρῤήμινν;
711 4191 793 4256 ibid.
823 4189 930 4277 σεμνὸν
957 4189 978 4279 ἢ
1007 4193 1148 4256 καλλιλο-
