2872 4946
513 444 732 506 „49-

68 617 279 682 recentiore
307 618 398 701 (nam
424 616 516 681 hunc
544 637 647 704 saepe
678 619 786 684 verbo
823 626 924 685 tenus
954 619 1147 706 descripsit)

3 749 4 836 p
69 733 295 816 confectam,
318 739 433 798 cetera
461 732 603 798 diversis
626 734 837 820 temporibus
862 757 883 800 a
911 735 1054 800 diversis
1077 757 1148 799 ma·

69 850 189 914 nibus
211 848 311 913 modo
336 849 379 913 ad
394 849 581 933 marginem
602 850 775 936 adscripta
788 851 889 916 modo
906 851 997 916 inira
1015 852 1149 916 adiecta

3 951 4 1014 l
70 983 161 1029 esse
196 963 421 1049 probabiliter
449 965 656 1050 suspicatur3
691 965 785 1030 unde
820 965 963 1030 lacunas
1000 966 1082 1031 dicit
1112 972 1148 1031 et

3 1143 4 1158 p
70 1078 297 1163 corruptelas
321 1076 536 1164 gravissimas
560 1078 694 1165 saepius
724 1085 816 1144 ortas
846 1099 938 1163 esse,
969 1081 1030 1146 scd
1060 1079 1147 1145 nihil

3 1159 4 1182 Χ
70 1192 312 1258 animadverti
333 1213 453 1257 manus
476 1193 588 1257 onmia
605 1195 820 1258 retractantis
846 1201 880 1259 ct
900 1195 1013 1260 denuo
1031 1195 1146 1259 elabo-

3 1347 4 1374 l
71 1308 208 1392 rantis3
240 1307 376 1393 singula
406 1308 496 1372 enim
525 1314 586 1372 aut
616 1308 763 1394 abrupta
788 1316 849 1374 aut
879 1331 949 1375 una
977 1311 1148 1397 porticula

3 1461 4 1484 2
72 1421 113 1487 δὲ
150 1423 233 1486 satis
265 1423 358 1487 nude
387 1443 464 1487 esse
491 1443 633 1487 conexa.
667 1461 710 1470 -
737 1422 811 1488 Iam
838 1425 882 1489 de
906 1425 1069 1512 scriptore
1091 1433 1145 1490 ut-

73 1557 224 1622 cunque
245 1535 445 1620 iudicamus,
467 1537 555 1600 illud
579 1538 689 1602 solum
707 1538 751 1602 ad
766 1544 921 1606 nostrum
936 1542 1146 1628 propositum

72 1652 248 1739 pertinet:
272 1658 307 1716 et
330 1653 415 1718 duas
433 1671 509 1716 esse
526 1658 643 1737 partes
665 1653 831 1738 cuiusque
847 1653 950 1738 vitae,
973 1662 1008 1720 ct
1023 1675 1146 1720 secun·

75 1767 165 1832 dam
175 1773 319 1852 partem,
335 1787 419 1852 quas
432 1766 574 1831 dicimus
586 1768 811 1851 accessiones,
828 1789 873 1834 cx
884 1769 960 1834 aliis
975 1771 1145 1856 scriptori·

75 1882 151 1947 bus
183 1901 258 1948 esse
285 1888 492 1966 congestam.
547 1880 713 1946 Nostrum
747 1883 853 1968 igitur
888 1884 968 1948 erit:
1001 1885 1146 1970 primum

77 1997 212 2082 quibus
234 1997 350 2063 verbis
376 1998 469 2084 prior
494 2018 574 2083 pars
605 1997 767 2062 concludi
796 2004 831 2062 ct
859 2000 1071 2064 accessiones
1092 2001 1144 2064 in·

78 2112 201 2196 cipere
222 2112 404 2178 rideantur
426 2111 585 2194 delinire,
614 2118 689 2177 tum
710 2112 772 2177 ubi
794 2111 862 2193 hic,
883 2113 944 2176 ubi
965 2113 1037 2178 illic
1060 2112 1145 2178 an-

79 2226 185 2290 cilius
215 2226 287 2292 sive
315 2227 512 2292 nominatim
542 2227 614 2291 siue
636 2226 740 2290 tacite
763 2231 883 2292 auctor
905 2225 1079 2292 adhibitus
1102 2227 1146 2291 sit

80 2357 265 2426 quaerere.

173 2453 275 2528 Quod
304 2454 411 2539 igitur
443 2453 539 2538 prins
572 2451 662 2516 illud
688 2452 824 2536 attinet,
861 2452 1144 2522 woutermannus

80 2569 241 2655 (Quaest.
256 2567 354 2632 Deru„
366 2567 506 2653 IVpag.
517 2568 575 2650 61)
596 2568 830 2632 accessionum
848 2568 982 2634 initium
999 2589 1074 2634 csse
1095 2569 1144 2633 di·

81 2685 143 2748 cit:
166 2685 204 2748 in
219 2683 435 2769 Antiphonte
448 2703 527 2780 pag.
544 2684 608 2747 833
624 2682 654 2746 B
667 2681 751 2747 inde
770 2704 792 2746 a
806 2682 921 2748 verbis
936 2684 1081 2768 φέρονται
1095 2681 1144 2767 δὴ

80 2799 118 2861 in
129 2797 265 2862 Andoc.
281 2799 346 2862 835
358 2796 392 2861 A
403 2819 425 2862 a
440 2797 553 2862 verbis
569 2793 779 2882 καίἦκμωιε;
795 2797 832 2860 in
847 2795 929 2882 Lys.
946 2799 1011 2862 836
1023 2796 1145 2862 Binde

82 2934 104 2976 a
125 2913 329 2997 Δημοσῗὲνης
347 2909 373 2976 δ’
398 2913 430 2976 ἐν
451 2915 496 2998 τῷ
515 2908 602 2976 κατὰ
623 2910 779 2995 Νεαίραςς
802 2909 909 2976 Isoor.
920 2912 986 2976 838
1001 2910 1035 2975 A
1056 2908 1144 2976 ciro'·

81 3046 174 3111 ρησεν
203 3025 328 3111 bonoim
356 3025 483 3091 Aesch.
506 3027 572 3090 840
594 3024 624 3090 Ε
652 3021 821 3110 ἀπήγγειλε
842 3023 890 3109 δὲ;
919 3024 1004 3110 Lyc.
1026 3024 1143 3090 842ss

80 3138 119 3205 τὸ
150 3141 293 3224 μέγιστον
320 3140 407 3224 χίλια
436 3147 521 3226 etc.;
551 3138 729 3204 Demosth.
751 3160 830 3225 pag.
852 3141 915 3203 847
939 3138 969 3202 Β
993 3136 1089 3226 ἡνίκα
1110 3137 1145 3204 δὲ

81 3254 253 3339 Φίλιπποςς
275 3255 442 3341 Hyperid.
465 3258 530 3319 849
553 3254 585 3318 D
607 3255 729 3337 ἐγένετο
751 3253 787 3318 δὲ
807 3250 864 3318 καὶ
885 3251 961 3338 πρὸς
985 3251 1028 3318 τὰ
1049 3251 1143 3339 ἀφρο-

82 3368 167 3433 δίσια
184 3367 373 3455 καταφερῑς.
406 3369 547 3434 Isaeum
563 3367 843 3453 Dinarchumquc
853 3369 1006 3452 integros
1022 3368 1143 3454 prioris

80 3483 175 3548 illius
205 3505 327 3550 manus
357 3503 434 3548 esse
461 3490 591 3549 censet.
639 3483 704 3547 His
738 3489 852 3548 autem
879 3482 964 3548 locis
996 3482 1144 3548 confinia

84 3598 243 3686 designat
259 3601 312 3665 vir
323 3599 457 3682 doctus,
479 3597 573 3685 quod
589 3619 678 3684 qnae
697 3605 799 3664 antea
816 3598 982 3683 leguntur
994 3599 1142 3684 plerum·

3 3697 4 3714 ¹
84 3733 151 3801 que
174 3733 244 3778 uno
270 3723 391 3779 tenore
416 3712 627 3799 procedunt;
656 3733 736 3778 nam
761 3712 848 3776 nihil
877 3711 952 3777 iero
980 3711 1047 3776 nisi
1072 3713 1143 3778 vita

83 3835 341 3914 extemporum
363 3828 483 3893 ordino
505 3833 685 3910 canatur,
707 3827 848 3892 adiectis
872 3825 1078 3912 quibusdam
1099 3825 1143 3891 de

83 3943 250 4029 cognatis,
272 3943 450 4028 sepulcris,
469 3941 607 4026 statuis3
630 3960 719 4026 qnae
734 3961 817 4007 vcro
831 3946 952 4027 postea
965 3939 1143 4026 leguntur,

82 4057 234 4140 cubate,
260 4077 322 4144 per
349 4063 501 4122 saturam
521 4057 629 4120 mixta
659 4061 755 4138 sunt,
781 4074 885 4142 saepe
912 4053 1041 4120 eisdem
1067 4055 1142 4120 fere

3 4261 4 4270 ἵ
83 4173 200 4240 uerbis
218 4174 383 4261 repetitis,
406 4193 494 4259 quae
508 4173 576 4237 ianr
592 4191 696 4259 snpra
709 4172 820 4259 posita
836 4179 945 4236 mant.
988 4170 1035 4236 Et
1056 4171 1142 4236 haec

965 4304 986 4357 4
