2872 4946
650 433 874 498 ..22-

221 679 224 688 ,
314 608 476 696 Denique
506 609 543 674 in
584 607 689 674 artis
728 606 971 674 rhetoricae
1014 609 1235 697 scriptoribus
1272 633 1295 678 o

226 709 438 801 Quintiliano
468 721 662 806 III,1,16
693 728 914 790 enumeratur
940 723 1057 790 rhetor
1090 723 1289 792 Calactinus

227 846 261 907 et
284 838 464 925 aliquoties
495 839 539 904 ab
564 857 604 904 eo
628 838 782 904 affertur.
827 835 904 904 Nec
927 859 1009 905 voro
1038 839 1105 904 hoc
1128 839 1218 906 libro
1240 846 1294 920 to-

225 961 299 1038 tum
330 954 412 1021 artis
441 952 632 1019 rhetoricae
664 973 820 1039 campum
849 953 1088 1039 perlustravit,
1125 956 1186 1021 sed
1218 955 1294 1022 sola

114 1128 116 1132 ,
226 1074 541 1158 progymnasmata,
565 1088 653 1154 quae
676 1067 889 1151 dicebantur,
912 1069 1055 1155 scripsit,
1076 1069 1126 1134 ita
1143 1068 1292 1154 quidem,

227 1190 266 1251 ut
291 1184 335 1250 de
359 1202 568 1270 unaquaque
592 1182 754 1248 orationis
776 1189 891 1270 porte:
920 1181 963 1248 de
988 1183 1144 1266 exordio,
1174 1204 1295 1249 narra-

226 1301 331 1382 tione,
355 1299 477 1365 ceteris
500 1297 661 1384 deinceps
679 1296 880 1383 disputaret.
925 1296 1086 1364 Similiter
1103 1295 1293 1384 Dionysius

226 1415 263 1479 in
287 1415 368 1480 artis
393 1431 475 1478 suae
498 1412 608 1499 capite
630 1409 683 1476 X:
706 1408 775 1496 περὶ
796 1415 856 1477 τῶν
879 1411 910 1477 έν
932 1413 1076 1496 μελέταις
1096 1415 1293 1499 cipparius·

228 1529 324 1613 μένων
347 1528 428 1594 inde
451 1548 471 1591 a
493 1528 523 1611 ξ.
549 1528 589 1591 12
614 1527 657 1592 do
683 1527 750 1608 eis,
782 1527 928 1612 quaein
951 1527 1142 1612 prooemiis,
1174 1548 1294 1594 narra-

227 1643 392 1725 tionibus,
417 1641 637 1729 argumentis,
662 1641 806 1728 epilogis
829 1648 1026 1728 peccantur,
1050 1643 1220 1708 disseruit.

316 1838 362 1903 Et
385 1845 588 1924 argumenta
611 1838 748 1924 quidem
770 1843 921 1904 tractans
935 1837 1103 1904 Caecilius
1120 1860 1196 1903 cum
1209 1860 1294 1924 qua·

227 1958 306 2021 tuor
330 1958 457 2035 status,
488 1952 530 2018 de
563 1952 687 2038 quibus
718 1951 799 2016 inde
824 1951 866 2017 ab
891 1951 1104 2040 Hermagora
1126 1953 1235 2019 multa
1256 1954 1294 2018 in

227 2067 405 2134 rhetorum
428 2067 544 2150 libris,
574 2067 753 2154 ponendos
784 2087 859 2133 esse
883 2067 1011 2133 diceret
1035 2067 1092 2152 (ir.
1115 2068 1192 2152 49),
1220 2087 1293 2133 me·

229 2183 319 2249 diam
349 2182 521 2270 quandam
549 2181 639 2248 viam
670 2181 821 2246 tenuisse
856 2181 993 2247 videtur
1024 2182 1115 2248 inter
1144 2181 1289 2268 Apollo·

230 2298 362 2381 dorum,
382 2296 548 2384 ,quisolos
560 2302 629 2362 tres
642 2296 772 2383 priores
784 2296 906 2380 voluit,
929 2303 963 2362 et
979 2297 1210 2381 Theodorum,
1234 2297 1295 2382 qui

230 2413 385 2500 quintum
409 2411 558 2478 addidit:
585 2411 649 2493 ,ad
666 2410 816 2497 aliquid¹‘
842 2410 1149 2496 Quint.111,6,30.
1187 2411 1296 2478 Plura

229 2548 310 2595 vero
336 2527 379 2594 de
403 2529 469 2594 hac
492 2547 529 2593 re
551 2527 732 2592 nescimus.

320 2724 408 2790 Tum
435 2724 471 2789 in
500 2723 622 2791 eadem
652 2724 733 2791 libri
762 2731 859 2812 perte
884 2725 926 2791 de
950 2725 1136 2812 apodixeos
1167 2697 1296 2812 etepi·

230 2839 431 2906 chirematis
464 2838 656 2906 differentia
688 2860 864 2928 exponens
896 2840 1047 2925 (11.50)
1078 2839 1295 2926 epichirema,

230 2959 269 3019 ut
290 2955 390 3020 Fabii
415 2954 530 3021 verbis
561 2959 659 3038 utar,
689 2954 776 3020 dixit
805 2955 1020 3042 ,perfectam
1046 2954 1295 3040 probationem,

231 3088 318 3156 quae
343 3089 388 3135 ex
411 3069 523 3135 tribus
545 3069 719 3135 minimum
735 3070 892 3156 partibus
911 3073 1082 3162 constat;“
1109 3089 1189 3154 ergo
1207 3067 1295 3133 nihil

228 3183 319 3250 inter
342 3184 578 3272 syllogismum
602 3190 636 3252 et
660 3186 865 3272 epichirema
893 3186 1055 3269 interest,
1085 3185 1171 3268 ,nisi
1202 3183 1295 3270 quod

230 3298 292 3382 (ci.
317 3297 433 3372 Quint.
456 3297 500 3382 V,
526 3301 578 3383 14,
604 3300 659 3384 14)
683 3300 735 3364 1111
758 3306 792 3365 et
814 3301 931 3387 plures
954 3299 1085 3366 habent
1107 3298 1236 3387 species
1260 3305 1296 3364 et

229 3425 313 3478 vert
345 3413 514 3500 colligunt
543 3413 648 3496 veris,
683 3413 933 3500 epichirematis
963 3413 1175 3500 frequentior
1205 3412 1297 3478 circa

230 3526 410 3593 credibilia
428 3532 552 3612 usus;“
576 3529 636 3594 ille
653 3529 759 3615 igitur
773 3529 994 3615 philosophis,
1015 3529 1082 3594 hoc
1097 3527 1296 3593 rhetoribus

230 3643 339 3728 magis
363 3643 537 3708 convenit.
583 3641 704 3730 Itaque
730 3644 890 3732 apodixin
922 3645 951 3709 si
974 3642 1142 3710 Caecilius
1171 3643 1296 3727 imper-

98 3747 105 3756 ’
230 3757 360 3823 fectum
384 3756 590 3843 epichirema
620 3778 697 3824 esse
721 3758 824 3842 dixit,
854 3777 929 3824 eam
951 3759 1063 3824 minus
1084 3758 1194 3822 tribus
1217 3776 1295 3842 par-

229 3869 335 3953 tibus,
359 3872 518 3954 fortasse,
540 3877 579 3939 ut
595 3872 823 3958 enthymema,
844 3879 977 3938 tantum
994 3892 1012 3938 e
1029 3872 1297 3938 sententiatum

230 3983 363 4051 ratione
388 3991 546 4090 constare
568 3986 696 4073 voluit3
719 3986 806 4052 haec
826 3985 934 4074 igitur
957 3992 991 4052 et
1011 3987 1085 4073 ipsa
1108 3984 1298 4069 rhetorum,

230 4117 300 4202 noa
340 4097 621 4186 philosophorum
651 4106 713 4165 est.
758 4099 832 4166 Iam
859 4119 940 4167 vero
971 4121 1048 4166 cum
1079 4100 1300 4187 euthymema
