<?xml version="1.0" encoding="UTF-8"?>
<!DOCTYPE html PUBLIC "-//W3C//DTD XHTML 1.0 Transitional//EN"
    "http://www.w3.org/TR/xhtml1/DTD/xhtml1-transitional.dtd">
<html xmlns="http://www.w3.org/1999/xhtml" xml:lang="en" lang="en">
 <head>
  <title>
</title>
<meta http-equiv="Content-Type" content="text/html;charset=utf-8" />
  <meta name='ocr-system' content='tesseract 3.04.00' />
  <meta name='ocr-capabilities' content='ocr_page ocr_carea ocr_par ocr_line ocrx_word'/>
</head>
<body>
  <div class='ocr_page' id='page_1' title='image "./caecilirhetoris00burcgoog_0042.png"; bbox 0 0 2872 4946; ppageno 0'>
   <div class='ocr_carea' id='block_1_1' title="bbox 0 2547 4 4380">
    <p class='ocr_par' dir='ltr' id='par_1_1' title="bbox 0 2547 4 4380">
     <span class='ocr_line' id='line_1_1' title="bbox 0 2547 4 4380; baseline 0 0"><span class='ocrx_word' id='word_1_1' title='bbox 0 2547 4 4380; x_wconf 95' lang='lat' dir='ltr'><strong> </strong></span> 
     </span>
    </p>
   </div>
   <div class='ocr_carea' id='block_1_2' title="bbox 532 457 753 520">
    <p class='ocr_par' dir='ltr' id='par_1_2' title="bbox 532 457 753 520">
     <span class='ocr_line' id='line_1_2' title="bbox 532 457 753 520; baseline 0.009 -18"><span class='ocrx_word' id='word_1_2' title='bbox 532 457 753 520; x_wconf 73' lang='lat'>..37-</span> 
     </span>
    </p>
   </div>
   <div class='ocr_carea' id='block_1_3' title="bbox 106 631 1189 976">
    <p class='ocr_par' dir='ltr' id='par_1_3' title="bbox 106 631 1189 976">
     <span class='ocr_line' id='line_1_3' title="bbox 492 631 789 716; baseline 0.003 -18"><span class='ocrx_word' id='word_1_3' title='bbox 492 631 540 704; x_wconf 68' lang='lat' dir='ltr'><strong>lh</strong></span> <span class='ocrx_word' id='word_1_4' title='bbox 562 633 604 700; x_wconf 86' lang='lat' dir='ltr'><strong>llo</strong></span> <span class='ocrx_word' id='word_1_5' title='bbox 627 632 789 716; x_wconf 73' lang='lat' dir='ltr'>Hyperide.</span> 
     </span>
     <span class='ocr_line' id='line_1_4' title="bbox 196 769 1189 862; baseline 0.007 -28"><span class='ocrx_word' id='word_1_6' title='bbox 196 769 249 836; x_wconf 92' lang='lat' dir='ltr'><strong>Fr.</strong></span> <span class='ocrx_word' id='word_1_7' title='bbox 275 773 317 838; x_wconf 75' lang='lat'><strong>22</strong></span> <span class='ocrx_word' id='word_1_8' title='bbox 340 771 397 839; x_wconf 83' lang='lat' dir='ltr'><strong>rit.</strong></span> <span class='ocrx_word' id='word_1_9' title='bbox 421 773 452 840; x_wconf 85' lang='lat' dir='ltr'><strong>X</strong></span> <span class='ocrx_word' id='word_1_10' title='bbox 476 793 537 840; x_wconf 89' lang='lat' dir='ltr'><strong>orr.</strong></span> <span class='ocrx_word' id='word_1_11' title='bbox 562 773 629 842; x_wconf 80' lang='lat'><strong>849</strong></span> <span class='ocrx_word' id='word_1_12' title='bbox 651 776 695 840; x_wconf 92' lang='lat' dir='ltr'><strong>D:</strong></span> <span class='ocrx_word' id='word_1_13' title='bbox 719 771 843 840; x_wconf 79' lang='grc' dir='ltr'><strong>πάντων</strong></span> <span class='ocrx_word' id='word_1_14' title='bbox 870 773 904 841; x_wconf 77' lang='lat' dir='ltr'><strong>el</strong></span> <span class='ocrx_word' id='word_1_15' title='bbox 924 770 1011 841; x_wconf 81' lang='grc' dir='ltr'><strong>κατὰ</strong></span> <span class='ocrx_word' id='word_1_16' title='bbox 1036 770 1094 862; x_wconf 66' lang='grc' dir='ltr'><strong>τὴν</strong></span> <span class='ocrx_word' id='word_1_17' title='bbox 1121 781 1189 862; x_wconf 62' lang='grc' dir='ltr'><strong>δρᾶ</strong></span> 
     </span>
     <span class='ocr_line' id='line_1_5' title="bbox 106 881 1173 976; baseline 0.009 -29"><span class='ocrx_word' id='word_1_18' title='bbox 106 881 254 968; x_wconf 58' lang='lat' dir='ltr'><strong>praecino</strong></span> <span class='ocrx_word' id='word_1_19' title='bbox 275 887 433 968; x_wconf 69' lang='grc' dir='ltr'><strong>διενεγκεῖν</strong></span> <span class='ocrx_word' id='word_1_20' title='bbox 454 885 587 970; x_wconf 71' lang='grc' dir='ltr'><strong>λέγεται,</strong></span> <span class='ocrx_word' id='word_1_21' title='bbox 613 886 765 954; x_wconf 85' lang='grc' dir='ltr'>τίτσσιτοι</span> <span class='ocrx_word' id='word_1_22' title='bbox 790 887 824 955; x_wconf 80' lang='lat' dir='ltr'><strong>el</strong></span> <span class='ocrx_word' id='word_1_23' title='bbox 848 881 895 956; x_wconf 76' lang='grc' dir='ltr'><strong>ὑπ’</strong></span> <span class='ocrx_word' id='word_1_24' title='bbox 929 887 1015 956; x_wconf 69' lang='grc' dir='ltr'><strong>ἐνίων</strong></span> <span class='ocrx_word' id='word_1_25' title='bbox 1036 885 1093 976; x_wconf 83' lang='grc' dir='ltr'><strong>πρὸ</strong></span> <span class='ocrx_word' id='word_1_26' title='bbox 1115 898 1173 976; x_wconf 81' lang='grc' dir='ltr'><strong>Δη-</strong></span> 
     </span>
    </p>
   </div>
   <div class='ocr_carea' id='block_1_4' title="bbox 106 994 1174 1202">
    <p class='ocr_par' dir='ltr' id='par_1_4' title="bbox 106 994 1174 1202">
     <span class='ocr_line' id='line_1_6' title="bbox 106 994 1174 1090; baseline 0.004 -24"><span class='ocrx_word' id='word_1_27' title='bbox 106 999 280 1082; x_wconf 55' lang='grc' dir='ltr'><strong>μοσᾶίνους,</strong></span> <span class='ocrx_word' id='word_1_28' title='bbox 303 999 447 1086; x_wconf 70' lang='grc' dir='ltr'><strong>φέρονται</strong></span> <span class='ocrx_word' id='word_1_29' title='bbox 476 999 509 1066; x_wconf 79' lang='lat' dir='ltr'><strong>el</strong></span> <span class='ocrx_word' id='word_1_30' title='bbox 540 996 633 1067; x_wconf 75' lang='grc' dir='ltr'><strong>αὐτοῦ</strong></span> <span class='ocrx_word' id='word_1_31' title='bbox 660 1004 748 1090; x_wconf 62' lang='grc' dir='ltr'><strong>ὶλόγοι</strong></span> <span class='ocrx_word' id='word_1_32' title='bbox 777 1000 989 1090; x_wconf 67' lang='grc' dir='ltr'><strong>ἐβδομήκοντα</strong></span> <span class='ocrx_word' id='word_1_33' title='bbox 1018 998 1101 1072; x_wconf 68' lang='grc' dir='ltr'><strong>ἑπτὰ</strong></span> <span class='ocrx_word' id='word_1_34' title='bbox 1131 994 1174 1072; x_wconf 70' lang='grc' dir='ltr'><strong>ὧν</strong></span> 
     </span>
     <span class='ocr_line' id='line_1_7' title="bbox 106 1113 643 1202; baseline 0.007 -22"><span class='ocrx_word' id='word_1_35' title='bbox 106 1113 223 1199; x_wconf 73' lang='grc' dir='ltr'>γνήσιοί</span> <span class='ocrx_word' id='word_1_36' title='bbox 242 1113 299 1181; x_wconf 75' lang='lat' dir='ltr'><strong>etot</strong></span> <span class='ocrx_word' id='word_1_37' title='bbox 320 1113 513 1202; x_wconf 74' lang='grc' dir='ltr'><strong>πεντήκοντα</strong></span> <span class='ocrx_word' id='word_1_38' title='bbox 532 1114 643 1202; x_wconf 61' lang='lat' dir='ltr'><strong>olen)</strong></span> 
     </span>
    </p>
   </div>
   <div class='ocr_carea' id='block_1_5' title="bbox 500 1321 783 1390">
    <p class='ocr_par' dir='ltr' id='par_1_5' title="bbox 500 1321 783 1390">
     <span class='ocr_line' id='line_1_8' title="bbox 500 1321 783 1390; baseline 0.014 -4"><span class='ocrx_word' id='word_1_39' title='bbox 500 1321 535 1386; x_wconf 77' lang='lat' dir='ltr'><strong>X.</strong></span> <span class='ocrx_word' id='word_1_40' title='bbox 558 1323 599 1388; x_wconf 85' lang='lat' dir='ltr'><strong>De</strong></span> <span class='ocrx_word' id='word_1_41' title='bbox 621 1321 783 1390; x_wconf 79' lang='lat' dir='ltr'><strong>immolo</strong></span> 
     </span>
    </p>
   </div>
   <div class='ocr_carea' id='block_1_6' title="bbox 103 1454 1174 2006">
    <p class='ocr_par' dir='ltr' id='par_1_6' title="bbox 103 1454 1174 2006">
     <span class='ocr_line' id='line_1_9' title="bbox 195 1454 1172 1553; baseline 0.005 -27"><span class='ocrx_word' id='word_1_42' title='bbox 195 1462 249 1527; x_wconf 84' lang='lat' dir='ltr'><strong>Fr.</strong></span> <span class='ocrx_word' id='word_1_43' title='bbox 272 1462 314 1527; x_wconf 83' lang='lat'><strong>23</strong></span> <span class='ocrx_word' id='word_1_44' title='bbox 337 1462 414 1528; x_wconf 85' lang='lat' dir='ltr'>ibid.</span> <span class='ocrx_word' id='word_1_45' title='bbox 439 1464 504 1529; x_wconf 85' lang='lat'><strong>850</strong></span> <span class='ocrx_word' id='word_1_46' title='bbox 526 1464 553 1528; x_wconf 82' lang='grc' dir='ltr'>Ε</span> <span class='ocrx_word' id='word_1_47' title='bbox 577 1464 720 1550; x_wconf 76' lang='grc' dir='ltr'><strong>φέρονται</strong></span> <span class='ocrx_word' id='word_1_48' title='bbox 740 1462 774 1530; x_wconf 75' lang='grc' dir='ltr'><strong>δὲ</strong></span> <span class='ocrx_word' id='word_1_49' title='bbox 790 1461 882 1530; x_wconf 72' lang='grc' dir='ltr'>αὐτοῦ</span> <span class='ocrx_word' id='word_1_50' title='bbox 905 1460 981 1553; x_wconf 84' lang='grc' dir='ltr'><strong>[καὶ]</strong></span> <span class='ocrx_word' id='word_1_51' title='bbox 996 1454 1080 1548; x_wconf 58' lang='grc' dir='ltr'>κίχοι</span> <span class='ocrx_word' id='word_1_52' title='bbox 1100 1465 1172 1552; x_wconf 73' lang='grc' dir='ltr'><strong>γνή-</strong></span> 
     </span>
     <span class='ocr_line' id='line_1_10' title="bbox 107 1571 1174 1665; baseline 0.007 -25"><span class='ocrx_word' id='word_1_53' title='bbox 107 1595 163 1640; x_wconf 89' lang='grc' dir='ltr'>σιοι</span> <span class='ocrx_word' id='word_1_54' title='bbox 184 1571 336 1653; x_wconf 73' lang='grc' dir='ltr'><strong>ἐξίκοντα</strong></span> <span class='ocrx_word' id='word_1_55' title='bbox 356 1575 558 1662; x_wconf 49' lang='lat' dir='ltr'><strong>sicconem</strong></span> <span class='ocrx_word' id='word_1_56' title='bbox 581 1576 697 1644; x_wconf 79' lang='grc' dir='ltr'>τούτων</span> <span class='ocrx_word' id='word_1_57' title='bbox 719 1575 790 1644; x_wconf 75' lang='grc' dir='ltr'>ἔνιοι</span> <span class='ocrx_word' id='word_1_58' title='bbox 810 1578 1104 1665; x_wconf 82' lang='grc' dir='ltr'><strong>παραλαμβάνονται</strong></span> <span class='ocrx_word' id='word_1_59' title='bbox 1131 1572 1174 1658; x_wconf 79' lang='grc' dir='ltr'><strong>ὧς</strong></span> 
     </span>
     <span class='ocr_line' id='line_1_11' title="bbox 103 1684 1174 1780; baseline 0.009 -27"><span class='ocrx_word' id='word_1_60' title='bbox 103 1685 365 1774; x_wconf 61' lang='grc' dir='ltr'>’Δριστογείτονορ</span> <span class='ocrx_word' id='word_1_61' title='bbox 389 1684 529 1776; x_wconf 77' lang='grc' dir='ltr'><strong>ζηλωτὴς</strong></span> <span class='ocrx_word' id='word_1_62' title='bbox 549 1690 583 1758; x_wconf 82' lang='grc' dir='ltr'><strong>δὲ</strong></span> <span class='ocrx_word' id='word_1_63' title='bbox 604 1691 721 1776; x_wconf 70' lang='grc' dir='ltr'><strong>ἐγένετο</strong></span> <span class='ocrx_word' id='word_1_64' title='bbox 738 1685 915 1780; x_wconf 76' lang='grc' dir='ltr'>Ὑπερείδου</span> <span class='ocrx_word' id='word_1_65' title='bbox 935 1690 958 1779; x_wconf 74' lang='grc' dir='ltr'><strong>οἳ</strong></span> <span class='ocrx_word' id='word_1_66' title='bbox 980 1690 1174 1774; x_wconf 65' lang='lat' dir='ltr'><strong>sicciscos&amp;</strong></span> 
     </span>
     <span class='ocr_line' id='line_1_12' title="bbox 107 1795 1173 1896; baseline 0.008 -28"><span class='ocrx_word' id='word_1_67' title='bbox 107 1795 144 1868; x_wconf 79' lang='grc' dir='ltr'><strong>τὸ</strong></span> <span class='ocrx_word' id='word_1_68' title='bbox 171 1797 346 1888; x_wconf 53' lang='lat' dir='ltr'><strong>colenensis</strong></span> <span class='ocrx_word' id='word_1_69' title='bbox 375 1807 587 1890; x_wconf 65' lang='grc' dir='ltr'>Δημοσὶιένους</span> <span class='ocrx_word' id='word_1_70' title='bbox 611 1803 665 1872; x_wconf 80' lang='grc' dir='ltr'><strong>καί</strong></span> <span class='ocrx_word' id='word_1_71' title='bbox 691 1800 727 1873; x_wconf 81' lang='grc' dir='ltr'><strong>τὸ</strong></span> <span class='ocrx_word' id='word_1_72' title='bbox 753 1808 889 1894; x_wconf 77' lang='grc' dir='ltr'><strong>σφοδρόν.</strong></span> <span class='ocrx_word' id='word_1_73' title='bbox 915 1806 978 1875; x_wconf 75' lang='grc' dir='ltr'><strong>τῶν</strong></span> <span class='ocrx_word' id='word_1_74' title='bbox 1004 1810 1173 1896; x_wconf 75' lang='grc' dir='ltr'><strong>σχημάτων</strong></span> 
     </span>
     <span class='ocr_line' id='line_1_13' title="bbox 107 1912 565 2006; baseline 0.007 -24"><span class='ocrx_word' id='word_1_75' title='bbox 107 1914 131 1982; x_wconf 80' lang='grc' dir='ltr'><strong>δ’</strong></span> <span class='ocrx_word' id='word_1_76' title='bbox 156 1914 249 1984; x_wconf 75' lang='grc' dir='ltr'>αὐτοῦ</span> <span class='ocrx_word' id='word_1_77' title='bbox 271 1912 408 2004; x_wconf 78' lang='grc' dir='ltr'>μιμητὴς</span> <span class='ocrx_word' id='word_1_78' title='bbox 428 1912 565 2006; x_wconf 79' lang='grc' dir='ltr'>ὑπάρχοι</span> 
     </span>
    </p>
   </div>
   <div class='ocr_carea' id='block_1_7' title="bbox 377 2276 896 2372">
    <p class='ocr_par' dir='ltr' id='par_1_7' title="bbox 377 2276 896 2372">
     <span class='ocr_line' id='line_1_14' title="bbox 377 2276 896 2372; baseline 0.008 -24"><span class='ocrx_word' id='word_1_79' title='bbox 377 2276 488 2368; x_wconf 69' lang='grc' dir='ltr'>’Υπὲρ</span> <span class='ocrx_word' id='word_1_80' title='bbox 510 2283 644 2351; x_wconf 85' lang='grc' dir='ltr'>Λυσίου</span> <span class='ocrx_word' id='word_1_81' title='bbox 666 2285 896 2372; x_wconf 80' lang='grc' dir='ltr'><strong>σύγγραμμα.</strong></span> 
     </span>
    </p>
   </div>
   <div class='ocr_carea' id='block_1_8' title="bbox 312 2449 972 2541">
    <p class='ocr_par' dir='ltr' id='par_1_8' title="bbox 312 2449 972 2541">
     <span class='ocr_line' id='line_1_15' title="bbox 312 2449 972 2541; baseline 0.005 -22"><span class='ocrx_word' id='word_1_82' title='bbox 312 2451 379 2535; x_wconf 88' lang='lat' dir='ltr'><strong>(vei</strong></span> <span class='ocrx_word' id='word_1_83' title='bbox 403 2449 553 2538; x_wconf 78' lang='grc' dir='ltr'>σύγκρισις</span> <span class='ocrx_word' id='word_1_84' title='bbox 573 2450 742 2532; x_wconf 78' lang='grc' dir='ltr'><strong>Πλάτωνος</strong></span> <span class='ocrx_word' id='word_1_85' title='bbox 762 2451 817 2520; x_wconf 83' lang='grc' dir='ltr'><strong>καὶ</strong></span> <span class='ocrx_word' id='word_1_86' title='bbox 838 2453 972 2541; x_wconf 88' lang='grc' dir='ltr'>Λυσίου.)</span> 
     </span>
    </p>
   </div>
   <div class='ocr_carea' id='block_1_9' title="bbox 110 2589 1174 2796">
    <p class='ocr_par' dir='ltr' id='par_1_9' title="bbox 110 2589 1174 2796">
     <span class='ocr_line' id='line_1_16' title="bbox 194 2589 1174 2682; baseline 0.002 -22"><span class='ocrx_word' id='word_1_87' title='bbox 194 2596 248 2660; x_wconf 89' lang='lat' dir='ltr'><strong>Fr.</strong></span> <span class='ocrx_word' id='word_1_88' title='bbox 273 2593 316 2658; x_wconf 79' lang='lat'><strong>24</strong></span> <span class='ocrx_word' id='word_1_89' title='bbox 339 2595 590 2680; x_wconf 84' lang='lat' dir='ltr'><strong>Pseudolongin.</strong></span> <span class='ocrx_word' id='word_1_90' title='bbox 613 2590 681 2680; x_wconf 82' lang='grc' dir='ltr'>περὶ</span> <span class='ocrx_word' id='word_1_91' title='bbox 702 2589 755 2681; x_wconf 69' lang='lat' dir='ltr'><strong>ip.</strong></span> <span class='ocrx_word' id='word_1_92' title='bbox 779 2597 833 2681; x_wconf 80' lang='lat'><strong>32,</strong></span> <span class='ocrx_word' id='word_1_93' title='bbox 858 2599 877 2660; x_wconf 83' lang='lat'><strong>7</strong></span> <span class='ocrx_word' id='word_1_94' title='bbox 900 2592 951 2662; x_wconf 72' lang='lat' dir='ltr'><strong>sul</strong></span> <span class='ocrx_word' id='word_1_95' title='bbox 971 2591 1031 2682; x_wconf 84' lang='grc' dir='ltr'><strong>γὰρ</strong></span> <span class='ocrx_word' id='word_1_96' title='bbox 1054 2593 1174 2674; x_wconf 78' lang='grc' dir='ltr'>τούτοις</span> 
     </span>
     <span class='ocr_line' id='line_1_17' title="bbox 110 2704 1174 2796; baseline 0.003 -23"><span class='ocrx_word' id='word_1_97' title='bbox 110 2707 301 2792; x_wconf 84' lang='lat' dir='ltr'><strong>(inusitatas</strong></span> <span class='ocrx_word' id='word_1_98' title='bbox 324 2712 495 2778; x_wconf 81' lang='lat' dir='ltr'><strong>verborum</strong></span> <span class='ocrx_word' id='word_1_99' title='bbox 506 2710 738 2777; x_wconf 81' lang='lat' dir='ltr'><strong>translationes</strong></span> <span class='ocrx_word' id='word_1_100' title='bbox 749 2709 844 2796; x_wconf 89' lang='lat' dir='ltr'><strong>dicit)</strong></span> <span class='ocrx_word' id='word_1_101' title='bbox 866 2704 995 2776; x_wconf 82' lang='grc' dir='ltr'><strong>καὶτὸν</strong></span> <span class='ocrx_word' id='word_1_102' title='bbox 1017 2707 1174 2778; x_wconf 81' lang='grc' dir='ltr'><strong>Πλοὶτιννιι</strong></span> 
     </span>
    </p>
   </div>
   <div class='ocr_carea' id='block_1_10' title="bbox 110 2878 321 2889">
    <p class='ocr_par' dir='ltr' id='par_1_10' title="bbox 110 2878 321 2889">
     <span class='ocr_line' id='line_1_18' title="bbox 110 2878 321 2889; baseline 0.005 -1"><span class='ocrx_word' id='word_1_103' title='bbox 110 2878 321 2889; x_wconf 76' lang='lat'><strong>——-—-</strong></span> 
     </span>
    </p>
   </div>
   <div class='ocr_carea' id='block_1_11' title="bbox 105 2973 1217 3296">
    <p class='ocr_par' dir='ltr' id='par_1_11' title="bbox 179 2973 1172 3046">
     <span class='ocr_line' id='line_1_19' title="bbox 179 2973 1172 3046; baseline 0.007 -19"><span class='ocrx_word' id='word_1_104' title='bbox 179 2973 213 3040; x_wconf 84' lang='lat'><strong>¹⁸)</strong></span> <span class='ocrx_word' id='word_1_105' title='bbox 232 2974 359 3030; x_wconf 83' lang='lat' dir='ltr'><strong>Eundem</strong></span> <span class='ocrx_word' id='word_1_106' title='bbox 382 2991 525 3031; x_wconf 91' lang='lat' dir='ltr'><strong>numerum</strong></span> <span class='ocrx_word' id='word_1_107' title='bbox 547 2975 623 3046; x_wconf 80' lang='lat' dir='ltr'><strong>apud</strong></span> <span class='ocrx_word' id='word_1_108' title='bbox 642 2976 756 3032; x_wconf 83' lang='lat' dir='ltr'><strong>Suidam</strong></span> <span class='ocrx_word' id='word_1_109' title='bbox 774 2975 926 3033; x_wconf 76' lang='lat' dir='ltr'><strong>Bernharri</strong></span> <span class='ocrx_word' id='word_1_110' title='bbox 945 2981 973 3030; x_wconf 89' lang='lat' dir='ltr'><strong>et</strong></span> <span class='ocrx_word' id='word_1_111' title='bbox 993 2973 1098 3045; x_wconf 83' lang='lat' dir='ltr'><strong>Saupp.</strong></span> <span class='ocrx_word' id='word_1_112' title='bbox 1117 2991 1172 3034; x_wconf 88' lang='lat' dir='ltr'><strong>orr.</strong></span> 
     </span>
    </p>

    <p class='ocr_par' dir='ltr' id='par_1_12' title="bbox 105 3061 1174 3293">
     <span class='ocr_line' id='line_1_20' title="bbox 107 3061 1172 3134; baseline 0.004 -18"><span class='ocrx_word' id='word_1_113' title='bbox 107 3061 169 3119; x_wconf 77' lang='lat' dir='ltr'><strong>Aes</strong></span> <span class='ocrx_word' id='word_1_114' title='bbox 187 3063 217 3117; x_wconf 93' lang='lat' dir='ltr'><strong>ll</strong></span> <span class='ocrx_word' id='word_1_115' title='bbox 235 3079 264 3133; x_wconf 89' lang='lat' dir='ltr'><strong>p.</strong></span> <span class='ocrx_word' id='word_1_116' title='bbox 282 3065 334 3121; x_wconf 76' lang='lat'><strong>276</strong></span> <span class='ocrx_word' id='word_1_117' title='bbox 352 3064 543 3121; x_wconf 88' lang='lat' dir='ltr'><strong>restituerunt.</strong></span> <span class='ocrx_word' id='word_1_118' title='bbox 580 3065 622 3121; x_wconf 87' lang='lat' dir='ltr'><strong>At</strong></span> <span class='ocrx_word' id='word_1_119' title='bbox 639 3066 733 3134; x_wconf 85' lang='lat' dir='ltr'><strong>priora</strong></span> <span class='ocrx_word' id='word_1_120' title='bbox 756 3064 845 3120; x_wconf 85' lang='lat' dir='ltr'><strong>verba</strong></span> <span class='ocrx_word' id='word_1_121' title='bbox 869 3081 925 3120; x_wconf 90' lang='lat' dir='ltr'><strong>non</strong></span> <span class='ocrx_word' id='word_1_122' title='bbox 950 3062 1062 3134; x_wconf 85' lang='lat' dir='ltr'><strong>quidem</strong></span> <span class='ocrx_word' id='word_1_123' title='bbox 1088 3065 1172 3120; x_wconf 89' lang='lat' dir='ltr'><strong>certia</strong></span> 
     </span>
     <span class='ocr_line' id='line_1_21' title="bbox 105 3152 1174 3293; baseline 0.002 -85"><span class='ocrx_word' id='word_1_124' title='bbox 105 3153 287 3293; x_wconf 53' lang='grc' dir='ltr'>ἓευιιιοιιιίι,</span> <span class='ocrx_word' id='word_1_125' title='bbox 305 3152 358 3208; x_wconf 86' lang='lat' dir='ltr'><strong>sed</strong></span> <span class='ocrx_word' id='word_1_126' title='bbox 374 3152 580 3223; x_wconf 68' lang='lat' dir='ltr'><strong>probabilitatis</strong></span> <span class='ocrx_word' id='word_1_127' title='bbox 600 3153 721 3223; x_wconf 79' lang='lat' dir='ltr'><strong>quadam</strong></span> <span class='ocrx_word' id='word_1_128' title='bbox 740 3153 833 3224; x_wconf 87' lang='lat' dir='ltr'><strong>speeie</strong></span> <span class='ocrx_word' id='word_1_129' title='bbox 852 3153 952 3250; x_wconf 76' lang='lat' dir='ltr'><strong>ductus</strong></span> <span class='ocrx_word' id='word_1_130' title='bbox 971 3153 1095 3209; x_wconf 85' lang='lat' dir='ltr'><strong>caecilio</strong></span> <span class='ocrx_word' id='word_1_131' title='bbox 1112 3154 1174 3210; x_wconf 86' lang='lat' dir='ltr'><strong>vln-</strong></span> 
     </span>
    </p>

    <p class='ocr_par' dir='ltr' id='par_1_13' title="bbox 137 3255 1217 3296">
     <span class='ocr_line' id='line_1_22' title="bbox 137 3255 1217 3296; baseline 0.003 -2"><span class='ocrx_word' id='word_1_132' title='bbox 137 3255 209 3296; x_wconf 87' lang='lat' dir='ltr'><strong>cavr.</strong></span> <span class='ocrx_word' id='word_1_133' title='bbox 1214 3259 1217 3263; x_wconf 92' lang='grc'><em>·</em></span> 
     </span>
    </p>
   </div>
   <div class='ocr_carea' id='block_1_12' title="bbox 102 3329 1176 3846">
    <p class='ocr_par' dir='ltr' id='par_1_14' title="bbox 102 3329 1176 3846">
     <span class='ocr_line' id='line_1_23' title="bbox 177 3329 1174 3401; baseline 0 -17"><span class='ocrx_word' id='word_1_134' title='bbox 177 3329 210 3396; x_wconf 82' lang='grc'><strong>”)</strong></span> <span class='ocrx_word' id='word_1_135' title='bbox 230 3329 383 3401; x_wconf 89' lang='lat' dir='ltr'><strong>Dionysius</strong></span> <span class='ocrx_word' id='word_1_136' title='bbox 403 3334 506 3398; x_wconf 76' lang='lat' dir='ltr'><strong>contra,</strong></span> <span class='ocrx_word' id='word_1_137' title='bbox 527 3346 560 3386; x_wconf 83' lang='lat' dir='ltr'><strong>ex</strong></span> <span class='ocrx_word' id='word_1_138' title='bbox 579 3346 634 3400; x_wconf 85' lang='lat' dir='ltr'><strong>quo</strong></span> <span class='ocrx_word' id='word_1_139' title='bbox 653 3335 747 3385; x_wconf 86' lang='lat' dir='ltr'><strong>cetera</strong></span> <span class='ocrx_word' id='word_1_140' title='bbox 767 3330 847 3385; x_wconf 89' lang='lat' dir='ltr'><strong>huius</strong></span> <span class='ocrx_word' id='word_1_141' title='bbox 860 3329 936 3384; x_wconf 88' lang='lat' dir='ltr'><strong>vitae</strong></span> <span class='ocrx_word' id='word_1_142' title='bbox 949 3329 1097 3398; x_wconf 84' lang='lat' dir='ltr'><strong>desumpta</strong></span> <span class='ocrx_word' id='word_1_143' title='bbox 1109 3333 1174 3384; x_wconf 87' lang='lat' dir='ltr'><strong>sunt</strong></span> 
     </span>
     <span class='ocr_line' id='line_1_24' title="bbox 105 3419 1173 3491; baseline 0 -17"><span class='ocrx_word' id='word_1_144' title='bbox 105 3422 211 3488; x_wconf 87' lang='lat' dir='ltr'><strong>(pauca</strong></span> <span class='ocrx_word' id='word_1_145' title='bbox 229 3423 322 3475; x_wconf 88' lang='lat' dir='ltr'><strong>tamen</strong></span> <span class='ocrx_word' id='word_1_146' title='bbox 340 3419 474 3490; x_wconf 80' lang='lat' dir='ltr'><strong>excipio),</strong></span> <span class='ocrx_word' id='word_1_147' title='bbox 499 3420 646 3491; x_wconf 73' lang='lat' dir='ltr'><strong>sexaginta</strong></span> <span class='ocrx_word' id='word_1_148' title='bbox 663 3423 770 3475; x_wconf 86' lang='lat' dir='ltr'><strong>tentum</strong></span> <span class='ocrx_word' id='word_1_149' title='bbox 788 3419 925 3489; x_wconf 86' lang='lat' dir='ltr'><strong>genuinas</strong></span> <span class='ocrx_word' id='word_1_150' title='bbox 944 3419 1087 3474; x_wconf 78' lang='lat' dir='ltr'><strong>orationes</strong></span> <span class='ocrx_word' id='word_1_151' title='bbox 1108 3434 1173 3474; x_wconf 90' lang='lat' dir='ltr'><strong>enu-</strong></span> 
     </span>
     <span class='ocr_line' id='line_1_25' title="bbox 103 3506 1176 3577; baseline 0.004 -17"><span class='ocrx_word' id='word_1_152' title='bbox 103 3511 202 3570; x_wconf 86' lang='lat' dir='ltr'><strong>merat,</strong></span> <span class='ocrx_word' id='word_1_153' title='bbox 222 3511 258 3575; x_wconf 71' lang='lat' dir='ltr'><strong>et,</strong></span> <span class='ocrx_word' id='word_1_154' title='bbox 279 3522 342 3561; x_wconf 90' lang='lat' dir='ltr'><strong>cum</strong></span> <span class='ocrx_word' id='word_1_155' title='bbox 359 3509 456 3561; x_wconf 90' lang='lat' dir='ltr'><strong>cetera</strong></span> <span class='ocrx_word' id='word_1_156' title='bbox 475 3506 605 3562; x_wconf 77' lang='lat' dir='ltr'><strong>simillimi</strong></span> <span class='ocrx_word' id='word_1_157' title='bbox 625 3507 682 3563; x_wconf 87' lang='lat' dir='ltr'><strong>sint</strong></span> <span class='ocrx_word' id='word_1_158' title='bbox 693 3512 818 3576; x_wconf 87' lang='lat' dir='ltr'><strong>uterque,</strong></span> <span class='ocrx_word' id='word_1_159' title='bbox 837 3507 865 3561; x_wconf 93' lang='lat' dir='ltr'><strong>in</strong></span> <span class='ocrx_word' id='word_1_160' title='bbox 877 3506 1026 3577; x_wconf 88' lang='lat' dir='ltr'><strong>figurarum</strong></span> <span class='ocrx_word' id='word_1_161' title='bbox 1038 3509 1176 3564; x_wconf 79' lang='lat' dir='ltr'><strong>varietata</strong></span> 
     </span>
     <span class='ocr_line' id='line_1_26' title="bbox 103 3594 1173 3665; baseline 0.002 -18"><span class='ocrx_word' id='word_1_162' title='bbox 103 3610 123 3647; x_wconf 87' lang='lat' dir='ltr'><strong>a</strong></span> <span class='ocrx_word' id='word_1_163' title='bbox 139 3594 332 3650; x_wconf 85' lang='lat' dir='ltr'><strong>Demosthene</strong></span> <span class='ocrx_word' id='word_1_164' title='bbox 349 3595 519 3650; x_wconf 80' lang='lat' dir='ltr'><strong>Dinarchum</strong></span> <span class='ocrx_word' id='word_1_165' title='bbox 538 3595 646 3650; x_wconf 81' lang='lat' dir='ltr'><strong>differre</strong></span> <span class='ocrx_word' id='word_1_166' title='bbox 663 3598 752 3665; x_wconf 85' lang='lat' dir='ltr'><strong>putat</strong></span> <span class='ocrx_word' id='word_1_167' title='bbox 789 3595 890 3663; x_wconf 79' lang='lat' dir='ltr'><strong>ltaque</strong></span> <span class='ocrx_word' id='word_1_168' title='bbox 907 3595 977 3650; x_wconf 80' lang='lat' dir='ltr'><strong>haec</strong></span> <span class='ocrx_word' id='word_1_169' title='bbox 997 3609 1032 3650; x_wconf 83' lang='lat' dir='ltr'><strong>ex</strong></span> <span class='ocrx_word' id='word_1_170' title='bbox 1050 3595 1099 3650; x_wconf 89' lang='lat' dir='ltr'><strong>illo</strong></span> <span class='ocrx_word' id='word_1_171' title='bbox 1117 3610 1173 3651; x_wconf 94' lang='lat' dir='ltr'><strong>non</strong></span> 
     </span>
     <span class='ocr_line' id='line_1_27' title="bbox 102 3679 1173 3752; baseline -0.001 -14"><span class='ocrx_word' id='word_1_172' title='bbox 102 3686 226 3751; x_wconf 85' lang='lat' dir='ltr'><strong>possunt</strong></span> <span class='ocrx_word' id='word_1_173' title='bbox 248 3688 380 3752; x_wconf 85' lang='lat' dir='ltr'><strong>excerpta</strong></span> <span class='ocrx_word' id='word_1_174' title='bbox 404 3698 478 3740; x_wconf 90' lang='lat' dir='ltr'><strong>esse.</strong></span> <span class='ocrx_word' id='word_1_175' title='bbox 498 3713 534 3723; x_wconf 94' lang='lat'><em>-</em></span> <span class='ocrx_word' id='word_1_176' title='bbox 553 3682 628 3749; x_wconf 76' lang='lat' dir='ltr'><strong>Quid</strong></span> <span class='ocrx_word' id='word_1_177' title='bbox 649 3698 719 3738; x_wconf 87' lang='lat' dir='ltr'><strong>vero</strong></span> <span class='ocrx_word' id='word_1_178' title='bbox 737 3679 942 3752; x_wconf 85' lang='lat' dir='ltr'><strong>Aristogitonis</strong></span> <span class='ocrx_word' id='word_1_179' title='bbox 968 3683 1112 3738; x_wconf 90' lang='lat' dir='ltr'><strong>orationes</strong></span> <span class='ocrx_word' id='word_1_180' title='bbox 1137 3697 1173 3737; x_wconf 85' lang='lat' dir='ltr'><strong>ex</strong></span> 
     </span>
     <span class='ocr_line' id='line_1_28' title="bbox 103 3769 1172 3846; baseline 0 -23"><span class='ocrx_word' id='word_1_181' title='bbox 103 3769 175 3838; x_wconf 87' lang='lat' dir='ltr'><strong>ipsis</strong></span> <span class='ocrx_word' id='word_1_182' title='bbox 196 3770 327 3825; x_wconf 81' lang='lat' dir='ltr'><strong>Dinarchi</strong></span> <span class='ocrx_word' id='word_1_183' title='bbox 352 3771 480 3842; x_wconf 78' lang='lat' dir='ltr'><strong>genuinis</strong></span> <span class='ocrx_word' id='word_1_184' title='bbox 500 3771 598 3826; x_wconf 85' lang='lat' dir='ltr'><strong>iterum</strong></span> <span class='ocrx_word' id='word_1_185' title='bbox 617 3774 752 3838; x_wconf 81' lang='lat' dir='ltr'><strong>exceptae</strong></span> <span class='ocrx_word' id='word_1_186' title='bbox 771 3769 827 3825; x_wconf 88' lang='lat' dir='ltr'><strong>sibi</strong></span> <span class='ocrx_word' id='word_1_187' title='bbox 845 3771 934 3825; x_wconf 83' lang='lat' dir='ltr'><strong>veiint</strong></span> <span class='ocrx_word' id='word_1_188' title='bbox 950 3786 1006 3825; x_wconf 92' lang='lat' dir='ltr'><strong>non</strong></span> <span class='ocrx_word' id='word_1_189' title='bbox 1024 3771 1172 3846; x_wconf 69' lang='lat' dir='ltr'><strong>intelleg05</strong></span> 
     </span>
    </p>
   </div>
   <div class='ocr_carea' id='block_1_13' title="bbox 102 3859 1174 4282">
    <p class='ocr_par' dir='ltr' id='par_1_15' title="bbox 102 3859 1174 4282">
     <span class='ocr_line' id='line_1_29' title="bbox 103 3859 1173 3929; baseline 0 -15"><span class='ocrx_word' id='word_1_190' title='bbox 103 3859 160 3915; x_wconf 90' lang='lat' dir='ltr'><strong>nisi</strong></span> <span class='ocrx_word' id='word_1_191' title='bbox 178 3859 208 3913; x_wconf 85' lang='lat' dir='ltr'><strong>id</strong></span> <span class='ocrx_word' id='word_1_192' title='bbox 226 3863 350 3914; x_wconf 79' lang='lat' dir='ltr'><strong>statuere</strong></span> <span class='ocrx_word' id='word_1_193' title='bbox 367 3859 448 3929; x_wconf 79' lang='lat' dir='ltr'><strong>velis,</strong></span> <span class='ocrx_word' id='word_1_194' title='bbox 468 3859 619 3916; x_wconf 79' lang='lat' dir='ltr'><strong>Caecilium</strong></span> <span class='ocrx_word' id='word_1_195' title='bbox 638 3859 748 3929; x_wconf 87' lang='lat' dir='ltr'><strong>spurias</strong></span> <span class='ocrx_word' id='word_1_196' title='bbox 777 3874 886 3928; x_wconf 87' lang='lat' dir='ltr'><strong>quoque</strong></span> <span class='ocrx_word' id='word_1_197' title='bbox 903 3859 1037 3913; x_wconf 88' lang='lat' dir='ltr'><strong>Dinarchi</strong></span> <span class='ocrx_word' id='word_1_198' title='bbox 1062 3873 1173 3914; x_wconf 87' lang='lat' dir='ltr'><strong>enume-</strong></span> 
     </span>
     <span class='ocr_line' id='line_1_30' title="bbox 102 3945 1172 4020; baseline -0.002 -18"><span class='ocrx_word' id='word_1_199' title='bbox 102 3954 214 4004; x_wconf 87' lang='lat' dir='ltr'><strong>rantem</strong></span> <span class='ocrx_word' id='word_1_200' title='bbox 232 3963 326 4003; x_wconf 85' lang='lat' dir='ltr'><strong>earum</strong></span> <span class='ocrx_word' id='word_1_201' title='bbox 344 3947 450 4018; x_wconf 85' lang='lat' dir='ltr'><strong>aliquot</strong></span> <span class='ocrx_word' id='word_1_202' title='bbox 469 3948 657 4020; x_wconf 82' lang='lat' dir='ltr'><strong>Aristogitoni</strong></span> <span class='ocrx_word' id='word_1_203' title='bbox 674 3947 853 4015; x_wconf 76' lang='lat' dir='ltr'><strong>vindices103</strong></span> <span class='ocrx_word' id='word_1_204' title='bbox 880 3950 939 4001; x_wconf 89' lang='lat' dir='ltr'><strong>tum</strong></span> <span class='ocrx_word' id='word_1_205' title='bbox 958 3945 1104 4015; x_wconf 86' lang='lat' dir='ltr'><strong>scriptoris</strong></span> <span class='ocrx_word' id='word_1_206' title='bbox 1124 3961 1172 4001; x_wconf 90' lang='lat' dir='ltr'><strong>ne·</strong></span> 
     </span>
     <span class='ocr_line' id='line_1_31' title="bbox 103 4034 1173 4109; baseline -0.005 -18"><span class='ocrx_word' id='word_1_207' title='bbox 103 4037 250 4109; x_wconf 82' lang='lat' dir='ltr'><strong>glegentia</strong></span> <span class='ocrx_word' id='word_1_208' title='bbox 268 4036 373 4108; x_wconf 87' lang='lat' dir='ltr'><strong>aliquid</strong></span> <span class='ocrx_word' id='word_1_209' title='bbox 392 4037 541 4106; x_wconf 83' lang='lat' dir='ltr'><strong>excidisse,</strong></span> <span class='ocrx_word' id='word_1_210' title='bbox 561 4037 635 4107; x_wconf 84' lang='lat' dir='ltr'><strong>quod</strong></span> <span class='ocrx_word' id='word_1_211' title='bbox 653 4036 694 4092; x_wconf 91' lang='lat' dir='ltr'><strong>ita</strong></span> <span class='ocrx_word' id='word_1_212' title='bbox 709 4035 769 4092; x_wconf 83' lang='lat' dir='ltr'><strong>iere</strong></span> <span class='ocrx_word' id='word_1_213' title='bbox 785 4035 987 4090; x_wconf 87' lang='lat' dir='ltr'><strong>restituendum</strong></span> <span class='ocrx_word' id='word_1_214' title='bbox 1006 4034 1057 4090; x_wconf 90' lang='lat' dir='ltr'><strong>sit:</strong></span> <span class='ocrx_word' id='word_1_215' title='bbox 1076 4036 1173 4105; x_wconf 77' lang='grc' dir='ltr'>φέρον-</span> 
     </span>
     <span class='ocr_line' id='line_1_32' title="bbox 104 4121 1174 4202; baseline -0.001 -26"><span class='ocrx_word' id='word_1_216' title='bbox 104 4141 150 4202; x_wconf 77' lang='grc' dir='ltr'><strong>ται</strong></span> <span class='ocrx_word' id='word_1_217' title='bbox 169 4124 203 4178; x_wconf 80' lang='lat' dir='ltr'><strong>rii</strong></span> <span class='ocrx_word' id='word_1_218' title='bbox 220 4123 305 4178; x_wconf 76' lang='grc' dir='ltr'><strong>αὐτοῦ</strong></span> <span class='ocrx_word' id='word_1_219' title='bbox 323 4127 380 4195; x_wconf 71' lang='lat' dir='ltr'><strong>loy.</strong></span> <span class='ocrx_word' id='word_1_220' title='bbox 397 4145 443 4195; x_wconf 81' lang='grc' dir='ltr'><strong>γν.</strong></span> <span class='ocrx_word' id='word_1_221' title='bbox 462 4123 500 4198; x_wconf 72' lang='grc' dir='ltr'><strong>ἐξ.</strong></span> <span class='ocrx_word' id='word_1_222' title='bbox 531 4141 604 4180; x_wconf 72' lang='lat' dir='ltr'><strong>ceco.</strong></span> <span class='ocrx_word' id='word_1_223' title='bbox 631 4124 689 4177; x_wconf 84' lang='grc' dir='ltr'><strong>καί</strong></span> <span class='ocrx_word' id='word_1_224' title='bbox 716 4124 1007 4195; x_wconf 77' lang='grc' dir='ltr'><strong>κατεψευσμένοι</strong></span> <span class='ocrx_word' id='word_1_225' title='bbox 1034 4121 1174 4192; x_wconf 80' lang='lat' dir='ltr'><strong>(sequitur</strong></span> 
     </span>
     <span class='ocr_line' id='line_1_33' title="bbox 105 4213 537 4282; baseline 0 -14"><span class='ocrx_word' id='word_1_226' title='bbox 105 4217 256 4282; x_wconf 76' lang='lat' dir='ltr'><strong>numerosl·</strong></span> <span class='ocrx_word' id='word_1_227' title='bbox 276 4213 378 4267; x_wconf 79' lang='grc' dir='ltr'><strong>τούτων</strong></span> <span class='ocrx_word' id='word_1_228' title='bbox 394 4213 465 4272; x_wconf 67' lang='grc' dir='ltr'>ἔνιοι</span> <span class='ocrx_word' id='word_1_229' title='bbox 481 4214 537 4268; x_wconf 75' lang='lat' dir='ltr'><strong>nal</strong></span> 
     </span>
    </p>
   </div>
   <div class='ocr_carea' id='block_1_14' title="bbox 0 0 1440 4946">
    <p class='ocr_par' dir='ltr' id='par_1_16' title="bbox 0 0 1440 4946">
     <span class='ocr_line' id='line_1_34' title="bbox 0 0 1440 4946; baseline 0 1"><span class='ocrx_word' id='word_1_230' title='bbox 0 0 1440 4946; x_wconf 95' lang='lat' dir='ltr'><strong> </strong></span> 
     </span>
    </p>
   </div>
  </div>
 </body>
</html>
