2872 4946
524 451 749 514 ..35-

106 669 147 679 —-
172 667 213 676 -
241 622 441 695 ὑπώπτευσαν
475 625 508 692 δὲ
537 623 592 691 καί
622 623 655 691 οί
680 622 980 711 repectit-spem)
1008 622 1176 709 τὸνλόγον

106 737 149 821 ὦς
170 741 204 808 οὐ
226 739 280 808 τοῦ
303 738 439 828 ῥήτορος,
460 737 515 806 καὶ
536 736 737 827 περωρσίκασί
764 741 802 825 γί
828 761 907 817 τινες
927 735 1005 807 ὅντα
1022 734 1175 825 Ἡγησίπ-

106 882 164 924 που
189 854 245 924 καί
271 851 332 924 ἀπὸ
358 852 418 943 τῆς
443 855 526 934 ihtes<
552 853 613 921 τῶν
639 853 735 938 λόγων
765 852 906 941 (τοιαυτῃ
929 848 988 940 γὰρ
1011 855 1173 942 κέχρηται)

105 969 162 1038 καί
183 968 244 1038 ἀπὸ
267 968 329 1037 των
351 969 542 1057 πραγμάτων
563 972 650 1034 κ.τ.λ.

199 1090 254 1154 Fr.
279 1090 320 1154 19
345 1086 446 1153 schol.
469 1085 524 1170 ht.
548 1107 622 1170 pag.
639 1086 705 1151 254
728 1079 783 1149 οὐκ
805 1081 886 1150 ἔστιν
909 1079 1020 1169 ἄδηλον
1044 1091 1109 1162 τοῖς
1131 1107 1177 1171 ρι·

108 1201 275 1286 λομαῖνέσιν
296 1197 329 1278 ἐξ
348 1189 390 1265 ὧν
413 1197 614 1284 ἀνεγνόκασιν
636 1192 880 1285 ὑπομνημάτων,
903 1193 952 1264 ὅτι
972 1197 1132 1266 othtricum
1162 1193 1178 1266 ὅ

103 1308 200 1400 ὑπὲρ
223 1312 294 1380 τῶν
315 1311 405 1400 πρὸς
427 1311 669 1398 Ἀλέξανδρον
699 1309 896 1397 συνῖνηκῶν
923 1310 978 1379 καί
1008 1310 1180 1400 νενόμισται

109 1422 186 1494 εἶναι
207 1426 261 1494 του
285 1430 495 1513 Δημσοῇίνους
517 1425 671 1513 ἀλλότριος
692 1421 812 1513 ὥσπερ
834 1423 904 1492 καί
925 1420 941 1493 ὁ
969 1424 997 1503 ζ’
1024 1424 1096 1492 τῶν
1119 1433 1178 1494 Φι·

110 1540 309 1624 λιππικῶν,
330 1538 363 1608 ὃν
384 1537 457 1628 ὑπὲρ
475 1536 655 1628 Ἀλοννήσου
677 1541 756 1619 τινὲς
778 1540 996 1629 ἐπιγράφουσιν.
1020 1540 1179 1629 ἀμφοτέ-

110 1658 242 1744 ρουςπ)
275 1653 335 1744 γὰρ
364 1655 489 1734 τούτους
518 1655 713 1743 ἀναφέρουσιν
741 1657 784 1734 είς
799 1650 994 1742 Ἡγήσιππον
1017 1654 1180 1744 Κρωβύλου

110 1772 325 1857 ἐπυιληῗλέντα.

199 1891 254 1955 Fr.
279 1891 322 1954 20
346 1888 436 1954 Phot.
459 1888 530 1954 cod.
554 1889 618 1952 265
643 1909 673 1972 p.
697 1888 758 1954 491
786 1889 817 1953 b.
840 1882 977 1952 καὶτὸν
1000 1879 1086 1972 ὑπὲρ
1109 1891 1181 1952 Σα-

110 1999 225 2088 τύρου
247 1999 287 2067 δὲ
308 1997 415 2084 λόγον
435 1998 505 2086 τῆς
527 1997 745 2086 ἐπιτροπῆς
774 1996 849 2086 πρὸς
876 1999 1054 2087 Χαρίδημον
1077 1998 1105 2066 οί
1127 1999 1182 2085 μὲν

114 2111 205 2200 πρὸς
227 2111 297 2200 τήν
317 2115 433 2202 κρίσιν
456 2113 616 2200 ἔχοντες
638 2110 683 2181 τὸ
706 2113 880 2203 ἀσφαλὲς
902 2116 1114 2201 Δημοσὶιίνους
1135 2116 1182 2180 λέ-

118 2252 217 2314 γουσιν
238 2223 322 2309 εἶναι,
344 2224 360 2297 ὃ
383 2229 415 2297 δὲ
437 2230 637 2317 Καλλίμαχος
658 2228 716 2297 οὐδ’
743 2225 844 2308 ἱκανὸς
867 2225 908 2296 oie
938 2229 1044 2317 κρίνειν
1066 2231 1183 2316 Δεινάρ-

119 2367 173 2428 χου
194 2345 316 2432 νομίζει.
332 2345 372 2432 ²⁴)

189 2600 222 2666 ¹¹)
242 2599 376 2655 Libenius
396 2601 421 2654 si
439 2605 538 2670 quarto
550 2617 578 2669 ρ.
591 2601 656 2657 Ghr.
669 2602 783 2656 soeculo
801 2602 999 2672 πρεσβυτέρους
1017 2600 1105 2663 effert,
1124 2616 1185 2654 cum

123 2687 209 2743 Attici
229 2693 354 2743 oratores
376 2689 518 2755 „naiacoi“
538 2688 604 2744 dicti
624 2689 689 2758 sint,
707 2705 797 2767 nonne
816 2689 887 2743 inter
896 2688 1042 2744 Liburnium
1063 2694 1091 2742 et
1110 2685 1186 2744 Atti·

123 2791 170 2830 cos
189 2776 280 2831 medie
299 2775 434 2846 quaedam
452 2781 532 2830 octos
552 2777 701 2832 statuendo
720 2778 784 2831 est?
822 2791 893 2845 quae
917 2780 1010 2829 nutem
1029 2775 1185 2831 criticorum

120 2863 239 2918 virorum
257 2863 356 2919 melius
376 2864 495 2933 quadret
513 2880 594 2934 quern
611 2864 732 2934 Dionysi
758 2870 786 2919 et
805 2864 923 2932 Caecili,
949 2879 1064 2932 quorum
1089 2864 1118 2918 in
1142 2865 1184 2918 eis

122 2952 204 3007 rebus
222 2957 303 3008 tento
321 2952 395 3021 apud
413 2959 543 3021 posteros
561 2951 615 3007 fuit
632 2954 793 3022 auctoritas,
811 2958 842 3009 ut
861 2968 953 3007 corum
972 2952 1076 3007 iudicio
1094 2968 1185 3022 paene

121 3055 214 3095 omnes
238 3041 324 3095 tacite
348 3046 529 3110 sequerentur
553 3039 599 3106 (cf.
621 3046 766 3098 comment.
784 3057 849 3112 pag.
869 3044 906 3106 7).
946 3039 1006 3094 lem
1031 3056 1099 3095 vero
1116 3041 1185 3096 Dio·

124 3129 220 3199 nysius
240 3130 276 3184 de
296 3129 456 3185 Halonneso
475 3129 626 3185 orationem
645 3130 771 3200 quemvis
798 3146 816 3184 e
838 3129 939 3184 ceteris
959 3129 1183 3184 Demosthenicis

122 3217 204 3270 valde
223 3217 364 3272 diversam
382 3233 447 3273 esse
465 3218 686 3289 non'ignoreret,
705 3223 798 3272 tamen
817 3235 834 3272 a
852 3217 1042 3272 Demosthene
1062 3233 1117 3272 non
1136 3216 1185 3272 sb·

121 3303 253 3359 iudicavit
276 3303 312 3359 cf.
338 3305 372 3360 de
394 3304 423 3358 vi
441 3306 521 3361 Dem.
539 3321 601 3375 cap.
620 3307 655 3372 93
695 3305 873 3372 VI981R.;
904 3305 1000 3373 itaque
1023 3320 1104 3360 nemo
1130 3305 1185 3359 nisi

122 3390 260 3447 Caecilius
280 3393 340 3447 eius
359 3392 452 3447 iudicii
471 3398 567 3448 auctor
584 3391 673 3447 fuisse
691 3398 793 3462 potest.
831 3392 952 3447 Accedit
970 3393 1052 3460 orrod,
1072 3393 1186 3462 quaein

121 3493 248 3535 sermone
266 3479 399 3535 inusitato
418 3485 446 3536 et
463 3480 612 3537 invenusto
632 3481 781 3537 sLihsnio
793 3481 1036 3551 reprehenduntur,
1057 3497 1092 3536 es
1103 3481 1187 3536 vaide

123 3581 183 3622 cnm
212 3568 318 3624 caecili
346 3569 485 3625 sentiendi
516 3574 545 3624 ct
570 3569 710 3624 iudicandi
734 3569 842 3624 ratione
870 3585 1021 3640 congruere
1048 3570 1186 3626 videntur.

125 3653 178 3720 Qui
197 3656 222 3710 si
239 3656 311 3711 hene
329 3656 484 3712 cretionem
494 3657 656 3728 Hegesippo
667 3657 772 3726 tribuit,
791 3657 865 3711 idem
884 3656 920 3712 de
939 3657 1061 3726 septima
1079 3657 1187 3711 decime

121 3743 263 3799 iudicasse
281 3743 399 3813 videtur,
418 3749 492 3799 teste
511 3745 664 3801 scholiasta
680 3743 775 3814 fr.1e;
794 3760 960 3814 quemquern
972 3745 1000 3797 in
1015 3744 1187 3799 scholiastes

125 3832 212 3887 verbe
230 3832 321 3886 iursre
338 3849 395 3887 non
413 3833 510 3890 susim.

192 3937 225 4004 ²¹)
244 3937 332 3993 Iidem
359 3938 444 4009 igitur
469 3935 578 3994 tirernnt
607 3937 696 3992 critici
720 3937 768 4008 qui
792 3943 820 3992 et
843 3936 914 3991 hanc
940 3943 968 3992 et
993 3937 1070 3992 illam
1095 3938 1188 3992 uDe-

123 4026 265 4081 mosthene
284 4025 485 4084 obirrdicsrunt.

192 4132 224 4197 ¹⁸)
243 4133 277 4187 ln
289 4131 439 4188 Osecilium
456 4131 625 4188 conveniunt
642 4147 705 4187 cnm
717 4130 878 4188 Oeliimschi
890 4130 1073 4200 reprehensio
1087 4130 1187 4200 suique

124 4217 215 4275 indicii
233 4219 402 4277 confidentis
421 4218 467 4288 (ci.
486 4235 618 4278 commen.
636 4224 714 4291 μίας.
732 4223 771 4290 i),
788 4223 846 4274 tum
864 4218 939 4288 quod
957 4215 1031 4289 ἔχων
1048 4218 1118 4290 πρὸς
1135 4218 1189 4288 τήν

990 4317 1027 4372 32
