2872 4946
673 461 892 524 ..20..

338 635 471 720 Restat,
494 641 532 702 ut
553 653 752 704 moneamus
777 633 933 720 exempla
949 634 993 702 ad
1013 634 1169 722 singulas
1183 635 1311 724 figuras
1410 687 1411 690 ,

249 750 476 818 illustrandas
508 752 615 817 allata
644 769 715 817 non
743 750 854 816 omnia
887 770 932 818 ax
965 757 1136 818 oratorum
1169 753 1309 840 seriptis,

251 865 313 934 sed
334 865 506 953 permulta
523 886 567 931 ex
584 865 797 952 Thueydide,
820 865 887 932 alia
910 885 956 932 ex
971 865 1159 950 Herodoto,
1183 869 1267 956 quin
1290 889 1310 936 o

250 979 434 1068 Sophocle,
457 980 633 1066 Euripide,
657 979 735 1047 aliis
757 980 888 1066 poetis
913 987 1048 1067 sumpta
1066 1001 1152 1048 esse.
1197 981 1311 1057 Quare

249 1093 376 1162 librum
405 1101 485 1162 ante
508 1094 766 1160 oommentarios
795 1095 838 1160 de
862 1095 1053 1162 oratoribus
1082 1097 1213 1162 editum
1237 1118 1311 1165 esso

250 1209 394 1293 oonioio;
424 1229 502 1275 nem
525 1209 693 1276 Oeeoilius
716 1216 898 1297 postquam
922 1209 1039 1276 deoem
1071 1218 1224 1278 oratores
1249 1211 1315 1278 At..

247 1321 336 1390 tioos
366 1325 476 1390 solam
514 1331 608 1392 reote
643 1325 816 1391 scribendi
850 1326 1008 1412 regulam
1042 1327 1238 1412 proposuit,
1276 1329 1310 1392 in

250 1439 340 1504 omui
364 1438 406 1506 de
430 1439 609 1506 rhetoricis
632 1440 737 1506 robus
761 1440 963 1526 quaestione
995 1461 1065 1506 non
1087 1443 1152 1507 nisi
1176 1461 1221 1506 ex
1243 1441 1310 1507 illis

250 1553 410 1637 exemplo
448 1574 581 1620 sumere
613 1556 741 1640 potuit,
777 1555 975 1641 praesertim
1018 1555 1081 1621 ubi
1114 1555 1156 1620 do
1192 1554 1311 1642 figuris

250 1666 403 1756 quaestio
428 1675 513 1752 erat,
534 1669 570 1733 in
593 1691 679 1756 quas
701 1669 768 1735 iam
790 1676 863 1734 tum
884 1670 1066 1756 praecipue
1091 1669 1238 1735 animum
1260 1669 1309 1734 in·

248 1779 415 1847 tenderat.
494 1811 499 1820 “

336 2256 427 2322 Huio
452 2255 701 2340 subiungamus
728 2253 809 2340 περὶ
833 2253 949 2341 ὕψους
971 2256 1146 2340 libellum,
1173 2256 1217 2321 de
1242 2276 1307 2344 quo

248 2391 476 2462 quaeeunque
494 2371 628 2454 seimus,
647 2392 687 2437 ea
706 2372 835 2456 auctori
850 2371 993 2454 incerto,
1011 2372 1068 2458 qui
1086 2371 1165 2436 olim
1180 2369 1307 2458 Longi·

248 2506 312 2551 nus
329 2485 517 2566 ferebatur,
534 2485 698 2551 debemus
717 2486 843 2572 omnia3
865 2486 966 2571 plura
984 2507 1122 2574 quoque
1137 2485 1310 2566 sciremus,

248 2599 313 2664 nisi
336 2598 427 2682 libri,
460 2620 561 2686 quem
586 2607 706 2665 auotor
727 2603 879 2666 insertus
901 2603 1010 2687 primo
1031 2607 1111 2688 post
1133 2599 1212 2664 Chr.
1238 2618 1309 2665 sae·

249 2715 327 2780 oulo
345 2713 538 2780 Caeciliano
558 2715 725 2801 opposuit,
750 2722 870 2803 quarta
889 2718 945 2782 vel
960 2716 1061 2780 tertia
1075 2735 1154 2800 pars
1175 2714 1309 2777 omniuo

247 2830 431 2894 interiisset
451 2829 509 2913 (ol.
523 2829 685 2917 Spengeli
699 2830 787 2896 rhet.
800 2853 850 2917 gr.
864 2838 944 2896 tom.
960 2829 977 2892 1
989 2829 1098 2916 praef.
1109 2849 1187 2914 pag.
1199 2825 1310 2910 XIV).

248 2941 433 3008 Caeciliani
458 2963 540 3008 vero
567 2944 647 3008 libri
672 2945 865 3028 fragmenta
903 2945 956 3011 vir
991 2944 1111 3009 doetus
1140 2941 1311 3028 Georgius

247 3044 437 3122 Buehensu
464 3057 499 3120 in
522 3057 761 3123 dissertatione
784 3057 1028 3144 Morburgensi
1059 3057 1122 3139 ,de
1146 3057 1309 3143 soriptore

248 3171 328 3236 libri
349 3194 381 3236 π.
397 3168 449 3256 it).
475 3173 560 3236 1849
585 3170 767 3235 admodum
791 3173 974 3258 diligenter
997 3171 1181 3259 congessit,
1203 3172 1252 3235 ita
1274 3157 1311 3234 ut

246 3305 357 3370 pauoa
380 3285 458 3366 sint,
483 3305 571 3372 quae
595 3307 685 3351 nova
709 3286 874 3352 addamus
900 3287 943 3352 de
965 3287 1071 3352 totius
1095 3285 1213 3370 seripti
1231 3305 1311 3349 oon·

250 3398 455 3464 formatione
481 3401 761 3490 singularumque
784 3420 898 3464 rerum
921 3420 1067 3465 conexu.

335 3511 485 3578 Primum
508 3514 626 3600 igitur,
658 3515 693 3579 id
717 3515 810 3600 quod
832 3513 998 3599 Psdlong.
1022 3515 1202 3600 vituperat,
1226 3507 1310 3580 (loe-

250 3627 347 3692 oilius
369 3627 482 3692 minus
507 3627 650 3709 ouravit,
672 3633 710 3693 ut
731 3627 926 3694 oratoribus
945 3627 989 3692 ad
1006 3627 1151 3694 sublime
1175 3628 1312 3694 dieendi

247 3761 356 3826 genus
387 3742 654 3807 oonseotandum
681 3748 863 3828 praesepta
894 3741 1007 3824 daret,
1043 3742 1120 3824 sed,
1156 3742 1238 3828 quid
1268 3743 1312 3807 sit

246 3853 335 3918 illud
357 3851 447 3939 ὕψος,
472 3856 662 3942 explicasse
680 3857 762 3920 satis
782 3855 917 3940 habuit3
940 3856 1045 3943 idque
1066 3875 1137 3920 non
1159 3854 1309 3940 philoso-

246 3967 404 4050 phorum,
429 3968 490 4034 sed
512 3969 776 4056 philologorum,
799 3975 838 4035 ut
860 3970 908 4034 ita
932 3969 1052 4051 diuam,
1076 3969 1206 4034 ratione
1222 3969 1309 4033 mul-

246 4080 289 4144 tis
308 4081 511 4166 scriptorum
529 4083 694 4167 exemplis
712 4083 908 4148 declaravit.
949 4082 1179 4148 Excusandus
1195 4090 1310 4148 tamen

246 4192 395 4277 quodam
421 4195 521 4259 modo
546 4195 694 4278 videtur,
718 4196 822 4283 quod,
846 4197 875 4264 si
897 4202 990 4262 reete
1007 4195 1073 4262 hoe
1090 4197 1310 4262 oonieoerunt
