2872 4946
516 453 741 518 ..19-

103 653 176 698 οιιιιι
199 631 286 697 hacc
311 634 512 716 exponeret:
537 624 571 694 οὗ
594 631 685 694 τοῦτο
707 628 787 713 λέγω
809 624 850 706 ὣς
876 625 962 696 οὐδὲν
991 609 1164 716 εὑρίσκεται

105 746 238 823 διανοίας
252 743 338 831 παρὰ
356 742 546 832 Ἀντιφῶντι
560 748 668 831 σχῆμα
685 781 726 793 -
744 781 785 793 -
803 741 925 811 ἀλλὰτί
936 767 1028 833 onus
1049 743 1099 812 du
1118 743 1162 834 μὴ

15 935 16 962 ÷
102 857 167 927 κατ’
194 857 383 948 ἐπιτήδευσιν
400 855 481 944 μα’τε
504 861 633 945 συνεχῶς
648 855 800 946 ἐχρήσατο
815 855 944 940 τούτοις,
968 857 1044 926 ἀλλ’
1071 857 1165 928 dotto

15 969 16 1064 f
103 973 143 1042 ἂν
164 973 185 1063 ἡ
209 973 318 1063 φύσις
340 972 435 1062 αιἰτή
459 975 661 1060 μεὲιοδείας
682 972 788 1051 τινὸς
809 971 921 1060 χωρὶς
938 971 1065 1062 ἀπῆγε.
1088 971 1106 1041 ‘d
1125 972 1166 1062 δὴ

104 1089 156 1156 καὶ
181 1089 251 1177 περὶ
279 1089 352 1167 τοὺς
379 1087 531 1175 τυχόντας
556 1092 616 1155 τῶν
644 1089 770 1155 ἰδιωτῶν
792 1087 874 1156 ἔστιν
898 1087 970 1175 ὁρᾶν
995 1091 1164 1176 -plane

100 1203 192 1272 idem
221 1205 431 1293 significasse
459 1205 596 1272 videtur
623 1205 716 1292 quod
743 1206 778 1269 in
807 1203 1003 1270 definitione
1036 1204 1092 1287 „r'o
1120 1204 1165 1293 μὴ

15 1303 16 1358 i
104 1320 188 1386 κατὰ
212 1319 320 1407 φνόινιι
344 1320 490 1403 vocavit,
513 1320 669 1385 nimirum
692 1320 773 1386 hoo:
796 1340 865 1385 non
891 1319 934 1385 do
959 1341 1165 1409 quacunque

109 1435 246 1500 dicendi
268 1435 433 1521 singulari
457 1434 565 1500 torma
588 1453 663 1500 sese
687 1455 806 1521 agere,
834 1433 896 1500 sed
924 1435 968 1501 dc
999 1435 1047 1501 eis
1077 1456 1165 1522 quac

15 1543 16 1638 l
103 1547 138 1616 τὸ
169 1551 344 1635 ἐμμέὶιοδον
375 1550 544 1634 habeant,
579 1551 703 1637 quibus
739 1571 817 1614 cum
849 1556 921 1616 arte
956 1550 1101 1636 quadam
1132 1558 1167 1617 ct

15 1671 16 1746 l
104 1667 260 1748 consilio,
282 1687 352 1730 non
376 1666 484 1732 sclam
506 1672 663 1731 naturam
686 1666 794 1732 secuti
815 1667 997 1753 scriptores
1016 1673 1165 1732 utantur.

190 1834 347 1901 Eandem
383 1836 509 1903 diversi
544 1837 678 1923 generis
716 1836 903 1923 figurarum
940 1835 1167 1926 differentiam

15 1947 17 1964 ’
106 1949 284 2035 explicans
320 1949 548 2024 Quintilianus
582 1951 639 2035 (ir.
675 1952 734 2036 42)
772 1951 858 2016 Zoili
893 1958 926 2016 et
964 1950 1168 2037 Apollodori

15 2057 16 2098 7
104 2065 309 2130 mentionem
333 2065 424 2130 lacit.
468 2065 514 2131 Et
529 2065 763 2152 Apollodorus
781 2044 929 2154 quidem,
953 2065 1012 2152 qui
1031 2065 1169 2130 schema

15 2271 16 2280 μ
106 2179 276 2243 communi
302 2185 406 2266 atquc
437 2180 556 2245 latiore
580 2180 641 2245 illc
670 2201 774 2246 sensu
800 2180 942 2266 accepit,
970 2201 992 2243 a
1019 2177 1167 2245 Caecilio

107 2312 174 2357 non
205 2293 271 2357 nisi
297 2293 482 2360 refellendi
506 2315 611 2361 causa
640 2295 766 2360 allatus
791 2315 866 2361 esse
897 2302 1026 2381 potest;
1054 2297 1103 2361 ita
1129 2302 1168 2361 ut

107 2406 190 2472 haec
208 2406 407 2482 Quintiliani
430 2410 538 2476 verba
560 2431 605 2476 cx
626 2410 700 2495 ipso
718 2409 864 2475 Caecilio
890 2409 1067 2497 desumpta
1090 2430 1167 2476 csse

107 2528 235 2609 putem.
280 2523 471 2612 Eidemque
490 2525 632 2606 auctori,
653 2523 718 2589 nisi
739 2524 853 2607 fallor,
870 2524 997 2590 debent
1021 2545 1061 2590 ca
1079 2544 1167 2610 quac

107 2636 149 2700 dc
171 2636 267 2702 Zoilo
292 2646 326 2703 et
350 2637 580 2714 Quintilianus
604 2645 638 2703 ct
661 2638 892 2704 Phoebammc
917 2638 1050 2704 dicunt:
1075 2645 1166 2703 uter·

106 2771 171 2836 que
201 2752 291 2816 enim
318 2754 440 2818 mirum
465 2753 501 2817 in
527 2753 665 2818 modum
694 2753 785 2818 idem
813 2753 850 2817 in
880 2773 920 2816 eo
955 2752 1165 2836 vituperant:

107 2861 240 2930 Phoeb.¹
267 2863 317 2931 dra
346 2863 379 2932 οὐ
406 2864 622 2952 περιλαμβάνει
650 2864 717 2951 περὶ
744 2864 867 2931 πάντων
893 2868 953 2930 τῶν
984 2863 1166 2951 quodsum

15 3043 16 3050 ,
108 2977 223 3052 Quint.
248 2980 304 3061 „id
325 2981 436 3066 ipsum
457 2988 571 3047 tamen
595 2987 741 3067 anguste
763 2979 880 3045 Zoilus
903 2979 1126 3045 terminavit.“

196 3173 289 3248 Quin
320 3174 421 3240 etiam
452 3196 472 3238 a
501 3194 581 3240 vero
616 3195 686 3238 non
718 3173 905 3239 abhorrere
939 3173 1020 3238 mihi
1050 3171 1168 3237 videor

109 3293 218 3352 totum
242 3288 336 3354 hunc
360 3288 559 3363 Quintiliani
580 3290 693 3353 locum
717 3287 760 3353 ad
783 3287 969 3352 Caecilium
993 3293 1167 3353 auctorem

106 3402 276 3485 referens,
299 3403 424 3490 quippe
448 3424 548 3491 quem
576 3403 721 3489 primum
750 3402 833 3468 talia
860 3402 903 3467 de
934 3401 1051 3488 figuris
1079 3402 1166 3467 iudi·

109 3536 206 3582 casse
238 3521 394 3582 statuam.
444 3517 533 3584 Nam
563 3517 765 3603 Dionysium
795 3517 831 3581 in
864 3516 945 3582 ertia
973 3517 1167 3582 rhetoricae

109 3631 219 3716 capite
242 3628 333 3695 VIII
356 3631 412 3716 (R.
428 3638 509 3697 tom.
526 3631 572 3715 V)
594 3629 663 3717 περὶ
685 3631 955 3718 ἐσχηματισμένον
977 3627 1004 3695 α’
1032 3629 1075 3695 de
1091 3632 1166 3698 nul-

108 3744 150 3810 lis
179 3745 256 3811 aliis
292 3767 392 3833 quam
421 3767 506 3832 quas
538 3744 654 3810 Zoilus
687 3743 889 3831 significavit
920 3743 1038 3830 figuris
1078 3764 1166 3809 com·

110 3866 353 3926 memorantem
379 3860 550 3945 videmus3
584 3866 618 3925 ct
646 3859 774 3926 Caecili
803 3860 865 3926 illa
890 3859 926 3924 in
954 3857 1168 3944 Antiphonte

108 3976 214 4041 verba
237 3975 340 4062 plene
363 3976 411 4041 ita
435 3981 514 4041 sunt
537 3982 743 4062 comparata,
766 3982 805 4041 ut
827 3981 1003 4042 auctorem
1025 3975 1073 4040 ibi
1090 3994 1166 4039 aen·

109 4092 249 4156 tentiam
266 4113 361 4158 suom
378 4096 417 4155 ut
433 4090 588 4156 omnibus
606 4088 840 4156 admirabilem
857 4095 893 4157 ot
907 4095 1028 4156 contra
1040 4088 1168 4175 opinio·

112 4225 188 4272 nem
213 4204 336 4272 dictam
360 4204 547 4273 defendero
570 4202 768 4270 concludas.
