2872 4946
578 393 891 502 «46-

311 616 389 680 nr.
412 613 455 678 47
479 612 557 679 ibid.
581 633 653 698 cap.
673 613 716 678 32
738 608 806 697 περὶ
827 610 860 678 δὲ
879 607 1018 696 arluco<
1038 607 1101 677 τῶν
1123 607 1317 698 (αυάάκαὶ)

247 723 427 814 μεταφορῶν
449 719 464 793 ὁ
487 724 541 810 μὲν
563 724 721 803 Καικίλιος
743 723 821 792 ἔοικε
851 725 1141 809 συγκατατίξιεσῖιαι
1168 731 1233 802 τοῖς
1263 722 1317 790 δύο

248 837 328 927 sisi
353 845 490 910 πλεῖστον
524 847 604 926 τρεῖς
632 837 683 906 ἐπὶ
708 837 823 906 ταύτοῦ
852 837 1051 925 νομοῖιετοῦσι
1083 837 1265 907 ramosas
1301 833 1318 905 ὃ

248 953 307 1041 rip<
327 955 431 1042 χρείας
452 955 486 1022 δὲ
507 951 620 1041 καιρός,
642 952 721 1023 tuuc
743 949 786 1020 τά
809 951 901 1040 πάλη
924 952 1089 1040 χειμάρρου
1122 953 1209 1038 δίκην
1232 953 1318 1020 ἐλαύ-

249 1093 347 1151 νεται,
378 1068 432 1136 καὶ
454 1066 511 1158 τὴν
533 1067 759 1155 πολυπλήὶιειαν
782 1065 882 1136 αὐτῶν
905 1063 947 1145 ὦς
983 1065 1157 1152 ἀναγκαίαν
1179 1066 1319 1138 sueino

249 1186 463 1270 συνερελκεται
484 1208 512 1250 κ
537 1187 614 1250 ul

707 1363 851 1373 ’.ι-.-

602 1473 674 1535 Ars
698 1467 972 1549 rhetoricae)

338 1612 391 1676 Fr.
415 1611 457 1676 48
491 1609 591 1676 schol.
626 1612 659 1676 in
693 1611 846 1691 Hermog.
878 1605 965 1673 στάσ.
1001 1607 1101 1674 Walz.
1126 1608 1182 1673 IV.
1207 1629 1237 1692 p.
1262 1609 1321 1672 59:

235 1716 353 1810 lsrael]
376 1721 409 1788 δὲ
435 1719 470 1790 τὸ
500 1720 559 1808 τῆς
588 1724 759 1809 διαιρέσεως
788 1717 884 1808 ’ὄνομα
915 1725 1041 1798 πολλαῖς
1072 1723 1245 1808 ρητορυιαῖς
1268 1713 1323 1806 ἁρ

253 1834 359 1922 μάττει
381 1838 511 1920 τέχναις,
533 1846 603 1914 ταῖς
625 1861 660 1903 τε
678 1835 745 1923 περὶ
779 1836 841 1903 τῶν
871 1833 956 1902 steilo
991 1833 1050 1922 τῆς
1073 1835 1235 1924 ῥητορικῆς
1257 1841 1323 1903 δια-

254 1948 477 2037 λαμβανούσαις
500 1949 555 2016 καί
577 1958 647 2028 ταῖς
668 1950 735 2038 περὶ
757 1949 818 2018 τῶν
845 1947 943 2038 μερῶν
967 1948 1020 2017 τοῦ
1048 1947 1201 2017 πολιτικοῦ
1231 1949 1324 2035 λόγου

253 2063 308 2132 καὶ
326 2072 397 2142 ταῖς
418 2063 501 2152 περὶ
523 2065 594 2131 τῶν
618 2064 790 2152 putresco
806 2069 843 2132 αἳ
865 2063 1121 2153 γυμνάζουσιν
1143 2061 1247 2152 ἡμᾶς
1270 2066 1325 2142 είς

255 2175 302 2248 τά
325 2182 422 2268 μέρη
445 2178 511 2247 τοῦ
540 2167 738 2248 πολιτικοῦ
767 2179 938 2266 λόγου,“)
975 2181 1041 2258 σίας
1070 2177 1108 2269 δὴ
1137 2179 1326 2268 γεγράφασιν

250 2296 463 2383 Ἀριστοτέλης
484 2294 539 2362 καί
568 2294 700 2383 Ἀψίνης
720 2292 775 2362 καὶ
796 2295 937 2372 Κεκίλιος
957 2293 1012 2362 καὶ
1035 2294 1132 2381 μύριοι
1164 2294 1260 2380 ἕτεροι
1281 2300 1325 2361 δι-

259 2409 451 2489 δασκαλικῶς
472 2409 553 2477 πάνυ
575 2436 604 2476 κ.
628 2434 656 2477 τ.
679 2414 705 2476 λ.

342 2531 395 2593 Fr.
407 2530 450 2593 49
467 2527 577 2604 Quint.
601 2528 660 2612 111,
684 2529 714 2610 6,
738 2529 781 2592 48
805 2527 951 2593 fecerunt
975 2527 1033 2593 alii
1057 2528 1191 2593 totidem
1216 2533 1325 2594 status

254 2644 314 2710 sed
338 2643 429 2725 alios,
453 2645 503 2707 An
528 2645 591 2710 sit?
621 2642 706 2720 Quid
737 2643 801 2708 sit?
836 2641 939 2718 Quale
964 2643 1031 2708 sit?
1067 2641 1230 2719 Quantum
1255 2643 1325 2707 sit?

255 2765 291 2823 ut
315 2758 474 2824 Caecilius
499 2766 531 2823 et
555 2757 680 2824 Theon.

339 2871 394 2938 Fr.
418 2872 463 2937 50
484 2872 528 2940 id.
553 2873 590 2956 V,
618 2876 669 2955 10,
697 2875 735 2938 17
760 2866 912 2949 ἀπόδειξις
936 2879 988 2937 est
1014 2873 1148 2938 evidens
1172 2873 1325 2955 probatio
1398 2950 1401 2960 1

253 2989 389 3072 ideoque
416 2988 503 3073 apud
539 2995 722 3072 geometras
755 2983 927 3070 γραμμικαὶ
959 2982 1127 3063 ἀποδείξεις
1163 2987 1325 3054 dicuntur.

253 3103 345 3167 Hanc
379 3110 412 3167 et
442 3103 484 3166 ab
520 3101 748 3185 epichiremate
779 3102 943 3168 Caecilius
980 3109 1072 3186 putat
1102 3099 1229 3166 differre
1254 3101 1326 3167 solo

253 3237 372 3300 genere
402 3216 621 3282 conclusionis
649 3223 682 3282 et
711 3237 786 3283 esse
817 3213 973 3300 apodixin
1002 3214 1225 3300 imperfectum
1260 3217 1327 3299 epi·

252 3331 397 3397 ohirema
420 3331 535 3396 eadem
558 3351 659 3397 causa
682 3350 746 3414 qua
769 3330 910 3398 diximus
935 3329 1144 3416 enthymema
1174 3328 1326 3418 syllogis-

257 3467 309 3512 mo
332 3445 465 3511 distare.

324 3648 357 3714 ⁴⁰)
376 3647 424 3702 Ad
448 3647 520 3701 hunc
538 3645 638 3701 librum
656 3645 768 3711 Quintil.
787 3660 899 3716 quoque
916 3645 1033 3715 respicit
1051 3645 1104 3714 ΙΙΙ,
1125 3647 1149 3714 1,
1168 3645 1202 3699 16
1224 3643 1326 3700 0ωαί-

254 3737 321 3792 lium
337 3736 410 3790 inter·
427 3736 528 3790 artium
545 3735 695 3804 scriptores
715 3749 889 3790 enumerans.

323 3825 355 3890 ⁴¹)
374 3824 494 3878 Primum
512 3823 611 3877 artium
629 3838 719 3892 genus
738 3821 903 3878 Aristotelis
921 3823 998 3891 (sive
1017 3822 1111 3891 potius
1131 3821 1324 3876 Anaximeuis

253 3911 288 3970 ef.
308 3913 413 3982 Speng.
432 3927 491 3964 συν.
510 3928 584 3981 toxo.
602 3927 668 3982 pag.
689 3912 740 3968 184
759 3914 813 3981 sq.)
831 3911 910 3978 libro,
929 3911 1047 3966 alterum
1064 3908 1184 3978 Apsinis
1202 3909 1323 3980 (Speng.

252 4003 321 4057 rhet.
340 4019 381 4071 gr.
400 4001 413 4054 1
432 4015 497 4070 pag.
510 3999 653 4056 331-414
671 3999 758 4065 edito)
776 4001 918 4067 convenlt3
938 4003 1157 4054 consentaneum
1176 3997 1264 4066 igitur
1278 4001 1326 4052 est

252 4090 363 4145 tertium
381 4091 409 4144 in
428 4087 531 4145 Caecili
549 4093 637 4143 artem
655 4087 802 4158 quemme.
