2872 4946
525 479 744 541 „17-

187 635 265 716 Iam
296 650 439 717 alterius
475 649 747 718 Caecilianorum
781 652 983 738 scriptorum
1018 655 1167 742 generis,

99 764 194 851 qnod
224 764 269 830 ad
301 773 408 832 artem
435 765 640 832 rhetoricam
667 767 833 852 pertinet,
866 768 994 854 primus
1019 769 1050 834 is
1078 769 1168 836 liber

95 880 333 946 nominandus
356 888 420 963 est,
445 882 619 968 quamde
647 883 796 968 figuris
821 881 926 948 edidit
948 889 1037 950 teste
1060 884 1166 959 Quin·

93 995 217 1061 tiliano
242 993 307 1078 IX,
329 997 362 1079 3,
385 999 444 1061 89:
483 997 589 1078 ,haec
614 998 727 1062 omnia
757 998 846 1083 (scil.
870 998 913 1062 de
941 997 1060 1085 figuris
1088 1020 1167 1064 ver·

95 1110 223 1176 borum
253 1116 288 1176 et
318 1110 579 1196 sententiarum)
611 1111 780 1199 copiosius
809 1119 889 1178 sunt
925 1115 1078 1181 exsecuti
1107 1113 1166 1201 qui

94 1247 169 1293 non
190 1233 230 1292 ut
246 1233 379 1314 partem
398 1228 510 1314 operis
522 1233 808 1311 transcurrerunt,
827 1228 888 1294 sed
903 1229 1040 1315 proprie
1057 1230 1164 1296 libros

94 1342 177 1407 huic
208 1343 304 1428 operi
332 1342 599 1425 dedicaverunt,
638 1344 725 1408 sieut
756 1333 941 1426 Caecilius,
968 1343 1165 1430 Dionysius,

94 1458 266 1540 Rutilius,
302 1457 522 1541 Cornificius,
562 1457 728 1525 Vrsellius
766 1459 891 1547 aliique
923 1481 992 1526 non
1030 1460 1162 1546 panci.“

95 1574 209 1649 Quem
233 1575 360 1641 librum
384 1575 478 1662 quod
503 1574 745 1658 Quintilianus,
773 1576 826 1643 vir
849 1576 1041 1663 elegantiae
1062 1578 1163 1644 intel·

93 1689 221 1776 legens
250 1689 479 1772 existimator,
512 1710 613 1776 saepe
650 1689 769 1756 laudat
802 1697 835 1756 et
863 1691 899 1755 in
932 1713 1031 1757 suum
1063 1714 1163 1759 usum

94 1805 245 1887 confert,
268 1805 362 1872 baud
379 1807 539 1892 exiguam
551 1805 700 1872 Caecilio
716 1806 819 1872 fidem
834 1807 998 1874 habuisse
1016 1809 1165 1882 videtur.

188 1919 333 2006 Saepius
362 1926 476 1985 tamen
507 1941 526 1986 a
551 1919 686 1986 Tiberio
715 1922 855 1988 rhetore
882 1923 948 1989 looi
981 1922 1164 1989 Caeciliani

94 2036 292 2101 afferuntur
318 2037 354 2101 in
383 2035 472 2101 libro
502 2034 651 2122 περὶτῶν
674 2033 759 2121 παρὰ
781 2041 971 2123 Δημοοῗιένει
993 2036 1162 2124 σχημάτων

93 2151 156 2234 (W
158 2151 223 2217 elz.
241 2150 330 2215 rhet.
344 2148 460 2234 VIII).
506 2150 559 2216 De
582 2152 680 2217 ouius
705 2152 853 2217 auctoris
878 2158 988 2217 aetate
1011 2159 1088 2217 utut
1109 2153 1163 2216 iu·

93 2266 234 2331 dicatur
267 2304 308 2314 —
337 2273 415 2352 post
443 2264 607 2352 Apsinem
636 2264 850 2349 Gadareum,
877 2267 993 2354 itaque
1022 2267 1160 2332 saeculo

95 2381 172 2444 fere
199 2381 301 2445 tertio
334 2387 484 2445 exeunte
512 2381 577 2447 vel.
598 2386 719 2468 quarto
752 2381 927 2467 scripsisse
955 2382 1090 2447 ridetur
1119 2419 1160 2430 -

94 2515 176 2561 eum
201 2498 314 2562 omnia
339 2517 383 2561 cx
408 2475 483 2560 aliis
509 2495 715 2578 describere,
744 2496 787 2561 de
810 2516 872 2561 suo
897 2496 982 2562 nihil
1006 2497 1078 2562 iere
1102 2497 1161 2562 ad-

94 2611 192 2693 dere,
218 2618 251 2676 et
276 2632 320 2676 cx
342 2617 415 2676 tota
438 2611 662 2676 libriratione
687 2611 823 2676 atinde
846 2617 951 2699 patet,
975 2613 1066 2701 quod
1082 2633 1160 2700 per·

91 2728 203 2792 multa
227 2748 330 2813 saepe
355 2728 398 2793 ad
421 2728 566 2793 verbum
588 2748 666 2792 cum
682 2725 873 2792 Alexandri
889 2727 1050 2792 Numenii
1072 2727 1162 2792 libro

92 2841 163 2928 περὶ
195 2841 365 2930 σχημάτων
397 2843 525 2928 (Walz.
557 2841 655 2925 ibid.)
694 2848 889 2927 congruunt
921 2842 980 2926 (ei.
1013 2843 1161 2928 exempli

92 2979 200 3023 cansa
221 2959 330 3023 verba
350 2955 465 3042 κλῖμαξ
482 2956 586 3022 Alex.
600 2959 663 3022 467
688 2977 764 3020 cum
788 2955 863 3021 Tib.
881 2958 961 3042 5573
983 2955 1161 3042 περίφρασις

90 3071 198 3138 Alex.
223 3074 288 3137 468
311 3093 388 3137 οιιιιι
413 3071 489 3137 Tib.
513 3074 593 3157 5643
618 3069 811 3159 ἐπανάληψις
833 3070 936 3136 Alex.
954 3072 1020 3135 444
1044 3076 1077 3135 ct
1094 3071 1158 3134 463

92 3211 172 3254 cum
186 3187 263 3253 Tib.
276 3188 375 3273 554);
398 3208 511 3275 nequa
533 3195 648 3253 temen
672 3187 760 3253 alter
783 3208 827 3252 cx
844 3187 963 3269 altaro,
987 3186 1048 3251 sed
1068 3192 1158 3251 uter·

92 3323 162 3390 qne
194 3323 239 3368 ex
268 3303 389 3368 eodem
413 3303 508 3368 fonte
538 3303 758 3388 descripsisse
785 3300 926 3388 putandi
955 3307 1053 3385 sunt3
1081 3321 1160 3365 nam

91 3423 125 3482 et
149 3416 206 3482 hie
230 3424 265 3482 et
287 3419 347 3484 ille
371 3419 407 3482 in
431 3418 597 3484 similibus
612 3416 717 3482 rebus
735 3415 865 3482 habent
882 3437 971 3503 quae
987 3416 1163 3481 differant..

89 3532 264 3599 Auctores
288 3553 369 3599 vero
395 3539 534 3599 secutus
559 3553 635 3599 esse
657 3532 740 3597 mihi
763 3533 900 3598 videtur
924 3531 1081 3599 Tiberius
1105 3551 1160 3595 so·

90 3647 145 3713 los
161 3648 346 3714 Caecilium
371 3654 405 3714 et
423 3647 599 3735 Apsinem,
624 3652 657 3711 et
679 3647 773 3712 hune
797 3647 934 3734 quidem
957 3648 1158 3734 plerumque

89 3763 197 3828 tacite
210 3762 421 3844 describens,
436 3763 545 3843 illum,
562 3761 621 3826 ubi
639 3761 772 3844 adiecit,
787 3762 984 3828 nominatim
997 3762 1159 3846 afferens,

89 3878 125 3944 id
151 3877 245 3966 quod
269 3877 401 3942 conicio
429 3896 474 3941 ex
497 3877 605 3962 ipsius
627 3875 744 3941 verbis
766 3897 844 3961 pag.
864 3877 944 3941 563:
968 3873 1159 3961 πλεονασμὸς

90 3996 126 4059 δέ
147 3993 215 4058 ἐστι
237 4029 280 4041 -
309 3990 496 4075 ουνωνομίαν
524 3987 666 4074 ὀνομάζει
693 3987 729 4056 τὸ
759 3993 867 4077 σχῆμα
889 3990 1053 4068 Καικίλιος
1082 3989 1158 4058 ὅταν

89 4111 151 4174 κτλ
175 4145 217 4156 -
241 4107 333 4172 τοῦτο
356 4101 548 4189 πλεονασμὸν
572 4101 713 4189 ὀνομάζει
730 4101 873 4192 'Allium
897 4106 952 4171 hia
971 4108 1156 4174 enimcum

91 4221 134 4287 ad
165 4220 311 4286 eandem
341 4238 413 4284 rem
448 4218 705 4305 significandam
735 4217 904 4287 Caecilius
938 4228 974 4288 et
1002 4221 1154 4310 Apsines

941 4355 959 4408 2
