<?xml version="1.0" encoding="UTF-8"?>
<!DOCTYPE html PUBLIC "-//W3C//DTD XHTML 1.0 Transitional//EN"
    "http://www.w3.org/TR/xhtml1/DTD/xhtml1-transitional.dtd">
<html xmlns="http://www.w3.org/1999/xhtml" xml:lang="en" lang="en">
 <head>
  <title>
</title>
<meta http-equiv="Content-Type" content="text/html;charset=utf-8" />
  <meta name='ocr-system' content='tesseract 3.04.00' />
  <meta name='ocr-capabilities' content='ocr_page ocr_carea ocr_par ocr_line ocrx_word'/>
</head>
<body>
  <div class='ocr_page' id='page_1' title='image "./caecilirhetoris00burcgoog_0019.png"; bbox 0 0 2872 4946; ppageno 0'>
   <div class='ocr_carea' id='block_1_1' title="bbox 699 429 918 492">
    <p class='ocr_par' dir='ltr' id='par_1_1' title="bbox 699 429 918 492">
     <span class='ocr_line' id='line_1_1' title="bbox 699 429 918 492; baseline 0.005 -17"><span class='ocrx_word' id='word_1_1' title='bbox 699 429 918 492; x_wconf 69' lang='lat'>..12-</span> 
     </span>
    </p>
   </div>
   <div class='ocr_carea' id='block_1_2' title="bbox 274 603 1428 4252">
    <p class='ocr_par' dir='ltr' id='par_1_2' title="bbox 274 603 1428 2872">
     <span class='ocr_line' id='line_1_2' title="bbox 278 603 1343 691; baseline 0 -23"><span class='ocrx_word' id='word_1_2' title='bbox 278 621 431 689; x_wconf 92' lang='lat' dir='ltr'><strong>quoque,</strong></span> <span class='ocrx_word' id='word_1_3' title='bbox 459 622 503 668; x_wconf 85' lang='lat' dir='ltr'><strong>ex</strong></span> <span class='ocrx_word' id='word_1_4' title='bbox 527 623 594 691; x_wconf 90' lang='lat' dir='ltr'><strong>quo</strong></span> <span class='ocrx_word' id='word_1_5' title='bbox 618 603 715 690; x_wconf 90' lang='lat' dir='ltr'><strong>quasi</strong></span> <span class='ocrx_word' id='word_1_6' title='bbox 741 603 926 671; x_wconf 88' lang='lat' dir='ltr'><strong>seminibus</strong></span> <span class='ocrx_word' id='word_1_7' title='bbox 950 603 1250 670; x_wconf 84' lang='lat' dir='ltr'><strong>Demosthenioam</strong></span> <span class='ocrx_word' id='word_1_8' title='bbox 1273 604 1343 670; x_wconf 77' lang='lat' dir='ltr'><strong>vim</strong></span> 
     </span>
     <span class='ocr_line' id='line_1_3' title="bbox 278 717 1341 807; baseline 0.002 -26"><span class='ocrx_word' id='word_1_9' title='bbox 278 723 386 783; x_wconf 91' lang='lat' dir='ltr'><strong>ortam</strong></span> <span class='ocrx_word' id='word_1_10' title='bbox 412 723 510 803; x_wconf 94' lang='lat' dir='ltr'><strong>putat</strong></span> <span class='ocrx_word' id='word_1_11' title='bbox 539 718 581 784; x_wconf 90' lang='lat' dir='ltr'><strong>de</strong></span> <span class='ocrx_word' id='word_1_12' title='bbox 609 717 707 785; x_wconf 88' lang='lat' dir='ltr'><strong>Isaeo</strong></span> <span class='ocrx_word' id='word_1_13' title='bbox 738 741 816 807; x_wconf 88' lang='lat' dir='ltr'><strong>pag.</strong></span> <span class='ocrx_word' id='word_1_14' title='bbox 850 721 925 800; x_wconf 82' lang='grc'>628,</span> <span class='ocrx_word' id='word_1_15' title='bbox 952 719 1090 804; x_wconf 79' lang='lat' dir='ltr'><strong>grandis</strong></span> <span class='ocrx_word' id='word_1_16' title='bbox 1123 719 1258 804; x_wconf 85' lang='lat' dir='ltr'><strong>generis</strong></span> <span class='ocrx_word' id='word_1_17' title='bbox 1290 719 1341 783; x_wconf 91' lang='lat' dir='ltr'><strong>in·</strong></span> 
     </span>
     <span class='ocr_line' id='line_1_4' title="bbox 277 832 1342 920; baseline 0.001 -23"><span class='ocrx_word' id='word_1_18' title='bbox 277 838 455 897; x_wconf 84' lang='lat' dir='ltr'><strong>ventorcm</strong></span> <span class='ocrx_word' id='word_1_19' title='bbox 488 834 681 920; x_wconf 85' lang='lat' dir='ltr'><strong>significare</strong></span> <span class='ocrx_word' id='word_1_20' title='bbox 717 835 868 900; x_wconf 83' lang='lat' dir='ltr'><strong>voluisse</strong></span> <span class='ocrx_word' id='word_1_21' title='bbox 903 853 973 908; x_wconf 90' lang='lat' dir='ltr'><strong>non</strong></span> <span class='ocrx_word' id='word_1_22' title='bbox 1006 839 1131 920; x_wconf 90' lang='lat' dir='ltr'><strong>potest.</strong></span> <span class='ocrx_word' id='word_1_23' title='bbox 1181 832 1285 909; x_wconf 82' lang='lat' dir='ltr'><strong>Quod</strong></span> <span class='ocrx_word' id='word_1_24' title='bbox 1312 833 1342 899; x_wconf 90' lang='lat' dir='ltr'><strong>si</strong></span> 
     </span>
     <span class='ocr_line' id='line_1_5' title="bbox 276 945 1342 1036; baseline 0.003 -25"><span class='ocrx_word' id='word_1_25' title='bbox 276 945 344 1012; x_wconf 89' lang='lat' dir='ltr'><strong>iam</strong></span> <span class='ocrx_word' id='word_1_26' title='bbox 367 947 404 1011; x_wconf 92' lang='lat' dir='ltr'><strong>in</strong></span> <span class='ocrx_word' id='word_1_27' title='bbox 426 946 628 1035; x_wconf 90' lang='lat' dir='ltr'><strong>Dionysium</strong></span> <span class='ocrx_word' id='word_1_28' title='bbox 651 970 721 1014; x_wconf 90' lang='lat' dir='ltr'><strong>non</strong></span> <span class='ocrx_word' id='word_1_29' title='bbox 753 949 922 1036; x_wconf 78' lang='lat' dir='ltr'><strong>quadrant</strong></span> <span class='ocrx_word' id='word_1_30' title='bbox 947 949 1047 1031; x_wconf 89' lang='lat' dir='ltr'><strong>illae,</strong></span> <span class='ocrx_word' id='word_1_31' title='bbox 1075 954 1112 1014; x_wconf 93' lang='lat' dir='ltr'><strong>ut</strong></span> <span class='ocrx_word' id='word_1_32' title='bbox 1138 948 1187 1014; x_wconf 88' lang='lat' dir='ltr'><strong>ita</strong></span> <span class='ocrx_word' id='word_1_33' title='bbox 1215 947 1342 1030; x_wconf 87' lang='lat' dir='ltr'><strong>dicam,</strong></span> 
     </span>
     <span class='ocr_line' id='line_1_6' title="bbox 278 1063 1428 1154; baseline 0.003 -29"><span class='ocrx_word' id='word_1_34' title='bbox 278 1081 401 1147; x_wconf 77' lang='lat' dir='ltr'><strong>capsae</strong></span> <span class='ocrx_word' id='word_1_35' title='bbox 423 1063 625 1148; x_wconf 79' lang='lat' dir='ltr'><strong>rhetoricae,</strong></span> <span class='ocrx_word' id='word_1_36' title='bbox 652 1065 777 1154; x_wconf 88' lang='lat' dir='ltr'><strong>quibus</strong></span> <span class='ocrx_word' id='word_1_37' title='bbox 802 1063 927 1150; x_wconf 78' lang='lat' dir='ltr'>singuli</span> <span class='ocrx_word' id='word_1_38' title='bbox 950 1064 1132 1150; x_wconf 75' lang='lat' dir='ltr'><strong>scriptores</strong></span> <span class='ocrx_word' id='word_1_39' title='bbox 1156 1063 1341 1128; x_wconf 87' lang='lat' dir='ltr'><strong>arhetori-</strong></span> <span class='ocrx_word' id='word_1_40' title='bbox 1427 1079 1428 1096; x_wconf 69' lang='lat'>³</span> 
     </span>
     <span class='ocr_line' id='line_1_7' title="bbox 277 1175 1341 1266; baseline 0.004 -26"><span class='ocrx_word' id='word_1_41' title='bbox 277 1175 342 1241; x_wconf 93' lang='lat' dir='ltr'><strong>bus</strong></span> <span class='ocrx_word' id='word_1_42' title='bbox 364 1175 481 1242; x_wconf 85' lang='lat' dir='ltr'><strong>iniecti</strong></span> <span class='ocrx_word' id='word_1_43' title='bbox 505 1199 580 1244; x_wconf 87' lang='lat' dir='ltr'><strong>esse</strong></span> <span class='ocrx_word' id='word_1_44' title='bbox 597 1180 771 1262; x_wconf 85' lang='lat' dir='ltr'><strong>dicuntur,</strong></span> <span class='ocrx_word' id='word_1_45' title='bbox 803 1179 1057 1266; x_wconf 92' lang='lat' dir='ltr'><strong>quantominus</strong></span> <span class='ocrx_word' id='word_1_46' title='bbox 1080 1179 1123 1244; x_wconf 95' lang='lat' dir='ltr'><strong>ad</strong></span> <span class='ocrx_word' id='word_1_47' title='bbox 1143 1177 1341 1261; x_wconf 80' lang='lat' dir='ltr'><strong>Caecilium,</strong></span> 
     </span>
     <span class='ocr_line' id='line_1_8' title="bbox 276 1267 1428 1375; baseline 0.002 -19"><span class='ocrx_word' id='word_1_48' title='bbox 276 1289 332 1356; x_wconf 89' lang='lat' dir='ltr'><strong>cui</strong></span> <span class='ocrx_word' id='word_1_49' title='bbox 360 1291 479 1358; x_wconf 87' lang='lat' dir='ltr'><strong>decem</strong></span> <span class='ocrx_word' id='word_1_50' title='bbox 505 1301 656 1360; x_wconf 86' lang='lat' dir='ltr'><strong>oratores</strong></span> <span class='ocrx_word' id='word_1_51' title='bbox 690 1300 788 1360; x_wconf 88' lang='lat' dir='ltr'><strong>crant</strong></span> <span class='ocrx_word' id='word_1_52' title='bbox 823 1294 1008 1375; x_wconf 91' lang='lat' dir='ltr'><strong>tractandi,</strong></span> <span class='ocrx_word' id='word_1_53' title='bbox 1044 1313 1205 1360; x_wconf 85' lang='lat' dir='ltr'><strong>numerus</strong></span> <span class='ocrx_word' id='word_1_54' title='bbox 1240 1293 1340 1358; x_wconf 93' lang='lat' dir='ltr'><strong>nullo</strong></span> <span class='ocrx_word' id='word_1_55' title='bbox 1427 1267 1428 1324; x_wconf 37' lang='grc' dir='ltr'>ἶ</span> 
     </span>
     <span class='ocr_line' id='line_1_9' title="bbox 276 1404 1342 1495; baseline 0.006 -27"><span class='ocrx_word' id='word_1_56' title='bbox 276 1404 377 1470; x_wconf 91' lang='lat' dir='ltr'><strong>modo</strong></span> <span class='ocrx_word' id='word_1_57' title='bbox 400 1407 502 1474; x_wconf 87' lang='lat' dir='ltr'><strong>triadi</strong></span> <span class='ocrx_word' id='word_1_58' title='bbox 517 1411 737 1476; x_wconf 86' lang='lat' dir='ltr'><strong>conveniens.</strong></span> <span class='ocrx_word' id='word_1_59' title='bbox 783 1408 888 1474; x_wconf 90' lang='lat' dir='ltr'><strong>Immo</strong></span> <span class='ocrx_word' id='word_1_60' title='bbox 908 1409 952 1474; x_wconf 92' lang='lat' dir='ltr'><strong>ad</strong></span> <span class='ocrx_word' id='word_1_61' title='bbox 967 1411 1109 1495; x_wconf 91' lang='lat' dir='ltr'><strong>primam</strong></span> <span class='ocrx_word' id='word_1_62' title='bbox 1124 1409 1245 1475; x_wconf 88' lang='lat' dir='ltr'><strong>Meicri</strong></span> <span class='ocrx_word' id='word_1_63' title='bbox 1261 1429 1342 1474; x_wconf 91' lang='lat' dir='ltr'><strong>seu·</strong></span> 
     </span>
     <span class='ocr_line' id='line_1_10' title="bbox 275 1520 1343 1612; baseline 0.007 -29"><span class='ocrx_word' id='word_1_64' title='bbox 275 1520 416 1586; x_wconf 90' lang='lat' dir='ltr'><strong>tentiam</strong></span> <span class='ocrx_word' id='word_1_65' title='bbox 429 1522 643 1610; x_wconf 88' lang='lat' dir='ltr'><strong>redeundum</strong></span> <span class='ocrx_word' id='word_1_66' title='bbox 656 1546 731 1592; x_wconf 90' lang='lat' dir='ltr'><strong>esse</strong></span> <span class='ocrx_word' id='word_1_67' title='bbox 743 1533 826 1612; x_wconf 94' lang='lat' dir='ltr'><strong>puto</strong></span> <span class='ocrx_word' id='word_1_68' title='bbox 847 1531 880 1589; x_wconf 89' lang='lat' dir='ltr'><strong>et</strong></span> <span class='ocrx_word' id='word_1_69' title='bbox 898 1525 1130 1608; x_wconf 85' lang='lat' dir='ltr'><strong>statuendum,</strong></span> <span class='ocrx_word' id='word_1_70' title='bbox 1154 1523 1343 1590; x_wconf 77' lang='lat' dir='ltr'><strong>Caecilium</strong></span> 
     </span>
     <span class='ocr_line' id='line_1_11' title="bbox 277 1637 1336 1725; baseline 0.005 -26"><span class='ocrx_word' id='word_1_71' title='bbox 277 1653 335 1700; x_wconf 89' lang='lat' dir='ltr'><strong>eos</strong></span> <span class='ocrx_word' id='word_1_72' title='bbox 368 1637 426 1722; x_wconf 93' lang='lat' dir='ltr'><strong>qui</strong></span> <span class='ocrx_word' id='word_1_73' title='bbox 456 1643 527 1703; x_wconf 91' lang='lat' dir='ltr'><strong>tum</strong></span> <span class='ocrx_word' id='word_1_74' title='bbox 556 1641 693 1725; x_wconf 90' lang='lat' dir='ltr'><strong>plurimi</strong></span> <span class='ocrx_word' id='word_1_75' title='bbox 721 1640 990 1707; x_wconf 80' lang='lat' dir='ltr'><strong>aestimabantur</strong></span> <span class='ocrx_word' id='word_1_76' title='bbox 1017 1640 1148 1706; x_wconf 81' lang='lat' dir='ltr'><strong>Atticos</strong></span> <span class='ocrx_word' id='word_1_77' title='bbox 1178 1646 1336 1706; x_wconf 88' lang='lat' dir='ltr'><strong>oratores</strong></span> 
     </span>
     <span class='ocr_line' id='line_1_12' title="bbox 276 1748 1341 1845; baseline 0.008 -32"><span class='ocrx_word' id='word_1_78' title='bbox 276 1748 476 1836; x_wconf 83' lang='lat' dir='ltr'><strong>eligentem,</strong></span> <span class='ocrx_word' id='word_1_79' title='bbox 504 1761 555 1837; x_wconf 89' lang='lat' dir='ltr'><strong>ut,</strong></span> <span class='ocrx_word' id='word_1_80' title='bbox 578 1757 660 1842; x_wconf 93' lang='lat' dir='ltr'><strong>quid</strong></span> <span class='ocrx_word' id='word_1_81' title='bbox 684 1756 727 1821; x_wconf 91' lang='lat' dir='ltr'><strong>de</strong></span> <span class='ocrx_word' id='word_1_82' title='bbox 750 1775 819 1820; x_wconf 93' lang='lat' dir='ltr'><strong>uno</strong></span> <span class='ocrx_word' id='word_1_83' title='bbox 843 1772 979 1845; x_wconf 89' lang='lat' dir='ltr'><strong>quoque</strong></span> <span class='ocrx_word' id='word_1_84' title='bbox 1002 1756 1222 1822; x_wconf 92' lang='lat' dir='ltr'><strong>iudicandum</strong></span> <span class='ocrx_word' id='word_1_85' title='bbox 1246 1761 1282 1820; x_wconf 86' lang='lat' dir='ltr'><strong>et</strong></span> <span class='ocrx_word' id='word_1_86' title='bbox 1304 1755 1341 1821; x_wconf 93' lang='lat' dir='ltr'><strong>in</strong></span> 
     </span>
     <span class='ocr_line' id='line_1_13' title="bbox 274 1862 1340 1954; baseline 0.007 -26"><span class='ocrx_word' id='word_1_87' title='bbox 274 1862 437 1950; x_wconf 87' lang='lat' dir='ltr'><strong>imitando</strong></span> <span class='ocrx_word' id='word_1_88' title='bbox 460 1870 662 1937; x_wconf 90' lang='lat' dir='ltr'><strong>sumendum</strong></span> <span class='ocrx_word' id='word_1_89' title='bbox 687 1880 777 1939; x_wconf 89' lang='lat' dir='ltr'><strong>esset</strong></span> <span class='ocrx_word' id='word_1_90' title='bbox 801 1863 955 1954; x_wconf 86' lang='lat' dir='ltr'><strong>doceret,</strong></span> <span class='ocrx_word' id='word_1_91' title='bbox 983 1871 1026 1936; x_wconf 93' lang='lat' dir='ltr'><strong>ad</strong></span> <span class='ocrx_word' id='word_1_92' title='bbox 1058 1873 1149 1936; x_wconf 89' lang='lat' dir='ltr'><strong>solas</strong></span> <span class='ocrx_word' id='word_1_93' title='bbox 1172 1871 1340 1937; x_wconf 87' lang='lat' dir='ltr'><strong>historiae</strong></span> 
     </span>
     <span class='ocr_line' id='line_1_14' title="bbox 275 1977 1342 2075; baseline 0.01 -34"><span class='ocrx_word' id='word_1_94' title='bbox 275 1977 370 2064; x_wconf 83' lang='lat' dir='ltr'><strong>leges</strong></span> <span class='ocrx_word' id='word_1_95' title='bbox 395 1985 586 2067; x_wconf 83' lang='lat' dir='ltr'><strong>respexisse</strong></span> <span class='ocrx_word' id='word_1_96' title='bbox 612 1994 646 2052; x_wconf 89' lang='lat' dir='ltr'><strong>et</strong></span> <span class='ocrx_word' id='word_1_97' title='bbox 668 1989 704 2053; x_wconf 94' lang='lat' dir='ltr'><strong>in</strong></span> <span class='ocrx_word' id='word_1_98' title='bbox 725 1989 761 2053; x_wconf 94' lang='lat' dir='ltr'><strong>id</strong></span> <span class='ocrx_word' id='word_1_99' title='bbox 785 1988 922 2075; x_wconf 89' lang='lat' dir='ltr'><strong>quidem</strong></span> <span class='ocrx_word' id='word_1_100' title='bbox 945 1987 1003 2053; x_wconf 81' lang='lat' dir='ltr'><strong>vel</strong></span> <span class='ocrx_word' id='word_1_101' title='bbox 1027 1987 1172 2051; x_wconf 84' lang='lat' dir='ltr'><strong>maxime</strong></span> <span class='ocrx_word' id='word_1_102' title='bbox 1188 1987 1342 2052; x_wconf 86' lang='lat' dir='ltr'><strong>animum</strong></span> 
     </span>
     <span class='ocr_line' id='line_1_15' title="bbox 276 2095 1341 2189; baseline 0.008 -32"><span class='ocrx_word' id='word_1_103' title='bbox 276 2095 472 2180; x_wconf 88' lang='lat' dir='ltr'><strong>attendisse,</strong></span> <span class='ocrx_word' id='word_1_104' title='bbox 496 2101 577 2187; x_wconf 91' lang='lat' dir='ltr'><strong>quid</strong></span> <span class='ocrx_word' id='word_1_105' title='bbox 592 2102 627 2166; x_wconf 92' lang='lat' dir='ltr'><strong>iu</strong></span> <span class='ocrx_word' id='word_1_106' title='bbox 643 2111 718 2170; x_wconf 89' lang='lat' dir='ltr'><strong>arte</strong></span> <span class='ocrx_word' id='word_1_107' title='bbox 736 2103 871 2169; x_wconf 90' lang='lat' dir='ltr'><strong>dicendi</strong></span> <span class='ocrx_word' id='word_1_108' title='bbox 891 2103 1017 2189; x_wconf 86' lang='lat' dir='ltr'><strong>singuli</strong></span> <span class='ocrx_word' id='word_1_109' title='bbox 1034 2107 1186 2167; x_wconf 89' lang='lat' dir='ltr'><strong>oratores</strong></span> <span class='ocrx_word' id='word_1_110' title='bbox 1204 2122 1341 2167; x_wconf 87' lang='lat' dir='ltr'><strong>eorum·</strong></span> 
     </span>
     <span class='ocr_line' id='line_1_16' title="bbox 276 2217 1338 2301; baseline 0.008 -29"><span class='ocrx_word' id='word_1_111' title='bbox 276 2229 343 2294; x_wconf 89' lang='lat' dir='ltr'><strong>que</strong></span> <span class='ocrx_word' id='word_1_112' title='bbox 367 2218 480 2278; x_wconf 86' lang='lat' dir='ltr'><strong>sectae</strong></span> <span class='ocrx_word' id='word_1_113' title='bbox 505 2222 564 2280; x_wconf 92' lang='lat' dir='ltr'><strong>aut</strong></span> <span class='ocrx_word' id='word_1_114' title='bbox 579 2237 704 2284; x_wconf 89' lang='lat' dir='ltr'><strong>novum</strong></span> <span class='ocrx_word' id='word_1_115' title='bbox 719 2219 931 2284; x_wconf 81' lang='lat' dir='ltr'><strong>invenissent</strong></span> <span class='ocrx_word' id='word_1_116' title='bbox 947 2224 1006 2283; x_wconf 88' lang='lat' dir='ltr'><strong>aut</strong></span> <span class='ocrx_word' id='word_1_117' title='bbox 1022 2218 1064 2283; x_wconf 89' lang='lat' dir='ltr'><strong>ab</strong></span> <span class='ocrx_word' id='word_1_118' title='bbox 1083 2217 1156 2281; x_wconf 83' lang='lat' dir='ltr'><strong>ahie</strong></span> <span class='ocrx_word' id='word_1_119' title='bbox 1175 2217 1338 2301; x_wconf 92' lang='lat' dir='ltr'><strong>sumpsis-</strong></span> 
     </span>
     <span class='ocr_line' id='line_1_17' title="bbox 282 2326 1344 2415; baseline 0.008 -28"><span class='ocrx_word' id='word_1_120' title='bbox 282 2331 370 2390; x_wconf 89' lang='lat' dir='ltr'><strong>sent.</strong></span> <span class='ocrx_word' id='word_1_121' title='bbox 423 2326 512 2393; x_wconf 88' lang='lat' dir='ltr'><strong>Nam</strong></span> <span class='ocrx_word' id='word_1_122' title='bbox 549 2337 622 2396; x_wconf 92' lang='lat' dir='ltr'><strong>tum</strong></span> <span class='ocrx_word' id='word_1_123' title='bbox 653 2333 787 2399; x_wconf 93' lang='lat' dir='ltr'><strong>demum</strong></span> <span class='ocrx_word' id='word_1_124' title='bbox 818 2339 912 2398; x_wconf 86' lang='lat' dir='ltr'><strong>recte</strong></span> <span class='ocrx_word' id='word_1_125' title='bbox 945 2331 1167 2397; x_wconf 85' lang='lat' dir='ltr'><strong>demonstrari</strong></span> <span class='ocrx_word' id='word_1_126' title='bbox 1204 2335 1344 2415; x_wconf 88' lang='lat' dir='ltr'><strong>poterat</strong></span> 
     </span>
     <span class='ocr_line' id='line_1_18' title="bbox 281 2441 1341 2534; baseline 0.008 -31"><span class='ocrx_word' id='word_1_127' title='bbox 281 2458 351 2504; x_wconf 90' lang='lat' dir='ltr'><strong>non</strong></span> <span class='ocrx_word' id='word_1_128' title='bbox 376 2441 628 2530; x_wconf 85' lang='lat' dir='ltr'><strong>Thucydidem,</strong></span> <span class='ocrx_word' id='word_1_129' title='bbox 654 2469 723 2512; x_wconf 93' lang='lat' dir='ltr'><strong>non</strong></span> <span class='ocrx_word' id='word_1_130' title='bbox 746 2447 900 2534; x_wconf 83' lang='lat' dir='ltr'><strong>Lysiam,</strong></span> <span class='ocrx_word' id='word_1_131' title='bbox 932 2467 1002 2512; x_wconf 93' lang='lat' dir='ltr'><strong>non</strong></span> <span class='ocrx_word' id='word_1_132' title='bbox 1029 2446 1216 2511; x_wconf 85' lang='lat' dir='ltr'><strong>Isocratem</strong></span> <span class='ocrx_word' id='word_1_133' title='bbox 1246 2446 1341 2511; x_wconf 91' lang='lat' dir='ltr'><strong>solos</strong></span> 
     </span>
     <span class='ocr_line' id='line_1_19' title="bbox 279 2553 1343 2652; baseline 0.006 -34"><span class='ocrx_word' id='word_1_134' title='bbox 279 2553 459 2652; x_wconf 86' lang='lat' dir='ltr'><strong>imitandos</strong></span> <span class='ocrx_word' id='word_1_135' title='bbox 483 2579 571 2645; x_wconf 88' lang='lat' dir='ltr'><strong>esse,</strong></span> <span class='ocrx_word' id='word_1_136' title='bbox 594 2563 623 2626; x_wconf 91' lang='lat' dir='ltr'><strong>si</strong></span> <span class='ocrx_word' id='word_1_137' title='bbox 647 2563 721 2650; x_wconf 90' lang='lat' dir='ltr'><strong>quis</strong></span> <span class='ocrx_word' id='word_1_138' title='bbox 737 2562 815 2627; x_wconf 91' lang='lat' dir='ltr'><strong>illos</strong></span> <span class='ocrx_word' id='word_1_139' title='bbox 835 2561 1074 2646; x_wconf 58' lang='lat' dir='ltr'><strong>oratoressnon</strong></span> <span class='ocrx_word' id='word_1_140' title='bbox 1091 2563 1127 2626; x_wconf 92' lang='lat' dir='ltr'><strong>in</strong></span> <span class='ocrx_word' id='word_1_141' title='bbox 1144 2561 1343 2626; x_wconf 87' lang='lat' dir='ltr'><strong>universum</strong></span> 
     </span>
     <span class='ocr_line' id='line_1_20' title="bbox 281 2669 1341 2764; baseline 0.004 -29"><span class='ocrx_word' id='word_1_142' title='bbox 281 2669 344 2735; x_wconf 89' lang='lat' dir='ltr'><strong>sed</strong></span> <span class='ocrx_word' id='word_1_143' title='bbox 366 2694 427 2758; x_wconf 89' lang='lat' dir='ltr'><strong>pro</strong></span> <span class='ocrx_word' id='word_1_144' title='bbox 451 2695 512 2740; x_wconf 88' lang='lat' dir='ltr'><strong>suo</strong></span> <span class='ocrx_word' id='word_1_145' title='bbox 542 2697 713 2764; x_wconf 91' lang='lat' dir='ltr'><strong>quemque</strong></span> <span class='ocrx_word' id='word_1_146' title='bbox 741 2684 892 2764; x_wconf 87' lang='lat' dir='ltr'><strong>tempore</strong></span> <span class='ocrx_word' id='word_1_147' title='bbox 924 2698 1091 2742; x_wconf 92' lang='lat' dir='ltr'><strong>summum</strong></span> <span class='ocrx_word' id='word_1_148' title='bbox 1123 2675 1341 2762; x_wconf 85' lang='lat' dir='ltr'><strong>eloquentiae</strong></span> 
     </span>
     <span class='ocr_line' id='line_1_21' title="bbox 283 2784 986 2872; baseline 0.009 -23"><span class='ocrx_word' id='word_1_149' title='bbox 283 2784 456 2872; x_wconf 74' lang='lat' dir='ltr'><strong>fastigium</strong></span> <span class='ocrx_word' id='word_1_150' title='bbox 480 2797 654 2858; x_wconf 87' lang='lat' dir='ltr'><strong>assecutos</strong></span> <span class='ocrx_word' id='word_1_151' title='bbox 680 2813 755 2859; x_wconf 88' lang='lat' dir='ltr'><strong>esse</strong></span> <span class='ocrx_word' id='word_1_152' title='bbox 779 2792 986 2858; x_wconf 85' lang='lat' dir='ltr'><strong>ostenderet.</strong></span> 
     </span>
    </p>

    <p class='ocr_par' dir='ltr' id='par_1_3' title="bbox 278 2900 1345 4252">
     <span class='ocr_line' id='line_1_22' title="bbox 370 2900 1341 2992; baseline 0.004 -26"><span class='ocrx_word' id='word_1_153' title='bbox 370 2900 443 2968; x_wconf 93' lang='lat' dir='ltr'><strong>Iam</strong></span> <span class='ocrx_word' id='word_1_154' title='bbox 465 2906 569 2992; x_wconf 83' lang='lat' dir='ltr'><strong>igitur</strong></span> <span class='ocrx_word' id='word_1_155' title='bbox 582 2906 769 2974; x_wconf 77' lang='lat' dir='ltr'><strong>Caecilium</strong></span> <span class='ocrx_word' id='word_1_156' title='bbox 791 2927 914 2973; x_wconf 81' lang='lat' dir='ltr'><strong>revera</strong></span> <span class='ocrx_word' id='word_1_157' title='bbox 935 2906 1096 2971; x_wconf 87' lang='lat' dir='ltr'><strong>historiae</strong></span> <span class='ocrx_word' id='word_1_158' title='bbox 1120 2905 1215 2990; x_wconf 86' lang='lat' dir='ltr'><strong>leges</strong></span> <span class='ocrx_word' id='word_1_159' title='bbox 1240 2924 1341 2970; x_wconf 87' lang='lat' dir='ltr'><strong>secu-</strong></span> 
     </span>
     <span class='ocr_line' id='line_1_23' title="bbox 281 3020 1344 3107; baseline 0.004 -27"><span class='ocrx_word' id='word_1_160' title='bbox 281 3022 354 3082; x_wconf 88' lang='lat' dir='ltr'><strong>tum</strong></span> <span class='ocrx_word' id='word_1_161' title='bbox 378 3037 464 3102; x_wconf 88' lang='lat' dir='ltr'><strong>esse,</strong></span> <span class='ocrx_word' id='word_1_162' title='bbox 487 3041 531 3085; x_wconf 91' lang='lat' dir='ltr'><strong>ne</strong></span> <span class='ocrx_word' id='word_1_163' title='bbox 554 3021 776 3107; x_wconf 91' lang='lat' dir='ltr'><strong>Dionysium,</strong></span> <span class='ocrx_word' id='word_1_164' title='bbox 805 3022 862 3107; x_wconf 92' lang='lat' dir='ltr'><strong>qui</strong></span> <span class='ocrx_word' id='word_1_165' title='bbox 885 3020 974 3085; x_wconf 90' lang='lat' dir='ltr'><strong>idem</strong></span> <span class='ocrx_word' id='word_1_166' title='bbox 1002 3020 1153 3086; x_wconf 89' lang='lat' dir='ltr'><strong>seniores</strong></span> <span class='ocrx_word' id='word_1_167' title='bbox 1178 3041 1199 3084; x_wconf 91' lang='lat' dir='ltr'><strong>a</strong></span> <span class='ocrx_word' id='word_1_168' title='bbox 1222 3039 1344 3084; x_wconf 86' lang='lat' dir='ltr'><strong>recen-</strong></span> 
     </span>
     <span class='ocr_line' id='line_1_24' title="bbox 279 3132 1344 3222; baseline 0.004 -26"><span class='ocrx_word' id='word_1_169' title='bbox 279 3132 423 3199; x_wconf 86' lang='lat' dir='ltr'><strong>tioribus</strong></span> <span class='ocrx_word' id='word_1_170' title='bbox 448 3154 609 3220; x_wconf 87' lang='lat' dir='ltr'><strong>separans</strong></span> <span class='ocrx_word' id='word_1_171' title='bbox 633 3157 766 3221; x_wconf 88' lang='lat' dir='ltr'><strong>semper</strong></span> <span class='ocrx_word' id='word_1_172' title='bbox 788 3155 889 3222; x_wconf 85' lang='lat' dir='ltr'><strong>quem</strong></span> <span class='ocrx_word' id='word_1_173' title='bbox 913 3135 1056 3222; x_wconf 89' lang='lat' dir='ltr'><strong>quisque</strong></span> <span class='ocrx_word' id='word_1_174' title='bbox 1077 3135 1228 3200; x_wconf 90' lang='lat' dir='ltr'><strong>imitatus</strong></span> <span class='ocrx_word' id='word_1_175' title='bbox 1247 3135 1290 3200; x_wconf 89' lang='lat' dir='ltr'><strong>sit</strong></span> <span class='ocrx_word' id='word_1_176' title='bbox 1309 3141 1344 3200; x_wconf 87' lang='lat' dir='ltr'><strong>et</strong></span> 
     </span>
     <span class='ocr_line' id='line_1_25' title="bbox 282 3247 1344 3338; baseline 0.004 -27"><span class='ocrx_word' id='word_1_177' title='bbox 282 3247 364 3333; x_wconf 91' lang='lat' dir='ltr'><strong>quid</strong></span> <span class='ocrx_word' id='word_1_178' title='bbox 391 3249 559 3315; x_wconf 86' lang='lat' dir='ltr'><strong>invenerit</strong></span> <span class='ocrx_word' id='word_1_179' title='bbox 590 3251 741 3338; x_wconf 88' lang='lat' dir='ltr'><strong>quaerit,</strong></span> <span class='ocrx_word' id='word_1_180' title='bbox 775 3270 818 3315; x_wconf 87' lang='lat' dir='ltr'><strong>ne</strong></span> <span class='ocrx_word' id='word_1_181' title='bbox 846 3249 1062 3337; x_wconf 88' lang='lat' dir='ltr'><strong>Dionysium,</strong></span> <span class='ocrx_word' id='word_1_182' title='bbox 1095 3249 1187 3332; x_wconf 88' lang='lat' dir='ltr'><strong>dico,</strong></span> <span class='ocrx_word' id='word_1_183' title='bbox 1218 3256 1344 3316; x_wconf 88' lang='lat' dir='ltr'><strong>testem</strong></span> 
     </span>
     <span class='ocr_line' id='line_1_26' title="bbox 282 3362 1344 3450; baseline 0.004 -23"><span class='ocrx_word' id='word_1_184' title='bbox 282 3362 436 3428; x_wconf 84' lang='lat' dir='ltr'><strong>afferam:</strong></span> <span class='ocrx_word' id='word_1_185' title='bbox 472 3385 517 3430; x_wconf 85' lang='lat' dir='ltr'><strong>ex</strong></span> <span class='ocrx_word' id='word_1_186' title='bbox 550 3364 859 3450; x_wconf 85' lang='lat' dir='ltr'><strong>Pseudoplutarchi</strong></span> <span class='ocrx_word' id='word_1_187' title='bbox 899 3366 975 3431; x_wconf 80' lang='lat' dir='ltr'><strong>vitis</strong></span> <span class='ocrx_word' id='word_1_188' title='bbox 1014 3371 1048 3430; x_wconf 89' lang='lat' dir='ltr'><strong>et</strong></span> <span class='ocrx_word' id='word_1_189' title='bbox 1073 3365 1179 3449; x_wconf 89' lang='lat' dir='ltr'><strong>ipsius</strong></span> <span class='ocrx_word' id='word_1_190' title='bbox 1213 3364 1344 3431; x_wconf 83' lang='lat' dir='ltr'><strong>ancili</strong></span> 
     </span>
     <span class='ocr_line' id='line_1_27' title="bbox 280 3476 1345 3568; baseline 0.005 -27"><span class='ocrx_word' id='word_1_191' title='bbox 280 3476 477 3562; x_wconf 79' lang='lat' dir='ltr'><strong>fragmentis</strong></span> <span class='ocrx_word' id='word_1_192' title='bbox 497 3479 654 3545; x_wconf 88' lang='lat' dir='ltr'><strong>conicere</strong></span> <span class='ocrx_word' id='word_1_193' title='bbox 671 3480 762 3545; x_wconf 86' lang='lat' dir='ltr'><strong>licet.</strong></span> <span class='ocrx_word' id='word_1_194' title='bbox 807 3479 896 3546; x_wconf 90' lang='lat' dir='ltr'><strong>Nam</strong></span> <span class='ocrx_word' id='word_1_195' title='bbox 917 3480 999 3546; x_wconf 88' lang='lat' dir='ltr'><strong>illae</strong></span> <span class='ocrx_word' id='word_1_196' title='bbox 1023 3479 1080 3564; x_wconf 87' lang='lat' dir='ltr'><strong>(dc</strong></span> <span class='ocrx_word' id='word_1_197' title='bbox 1097 3481 1217 3564; x_wconf 89' lang='lat' dir='ltr'><strong>prima,</strong></span> <span class='ocrx_word' id='word_1_198' title='bbox 1242 3501 1345 3568; x_wconf 89' lang='lat' dir='ltr'><strong>quam</strong></span> 
     </span>
     <span class='ocr_line' id='line_1_28' title="bbox 280 3591 1345 3682; baseline 0.004 -26"><span class='ocrx_word' id='word_1_199' title='bbox 280 3592 371 3657; x_wconf 86' lang='lat' dir='ltr'><strong>infra</strong></span> <span class='ocrx_word' id='word_1_200' title='bbox 399 3593 549 3679; x_wconf 87' lang='lat' dir='ltr'><strong>epimetr.</strong></span> <span class='ocrx_word' id='word_1_201' title='bbox 573 3591 592 3656; x_wconf 97' lang='lat' dir='ltr'>I</span> <span class='ocrx_word' id='word_1_202' title='bbox 621 3593 710 3677; x_wconf 77' lang='lat' dir='ltr'><strong>dixi,</strong></span> <span class='ocrx_word' id='word_1_203' title='bbox 732 3600 829 3680; x_wconf 87' lang='lat' dir='ltr'><strong>parte</strong></span> <span class='ocrx_word' id='word_1_204' title='bbox 850 3594 990 3682; x_wconf 90' lang='lat' dir='ltr'><strong>loquor)</strong></span> <span class='ocrx_word' id='word_1_205' title='bbox 1016 3615 1092 3660; x_wconf 92' lang='lat' dir='ltr'><strong>cum</strong></span> <span class='ocrx_word' id='word_1_206' title='bbox 1120 3596 1240 3680; x_wconf 92' lang='lat' dir='ltr'><strong>paullo</strong></span> <span class='ocrx_word' id='word_1_207' title='bbox 1265 3601 1345 3682; x_wconf 92' lang='lat' dir='ltr'><strong>post</strong></span> 
     </span>
     <span class='ocr_line' id='line_1_29' title="bbox 281 3706 1345 3796; baseline 0.002 -23"><span class='ocrx_word' id='word_1_208' title='bbox 281 3706 406 3773; x_wconf 76' lang='lat' dir='ltr'><strong>Caecili</strong></span> <span class='ocrx_word' id='word_1_209' title='bbox 419 3707 542 3772; x_wconf 90' lang='lat' dir='ltr'><strong>librum</strong></span> <span class='ocrx_word' id='word_1_210' title='bbox 556 3709 765 3794; x_wconf 86' lang='lat' dir='ltr'><strong>conscriptae</strong></span> <span class='ocrx_word' id='word_1_211' title='bbox 778 3728 890 3796; x_wconf 89' lang='lat' dir='ltr'><strong>neque</strong></span> <span class='ocrx_word' id='word_1_212' title='bbox 903 3715 1016 3774; x_wconf 90' lang='lat' dir='ltr'><strong>tamen</strong></span> <span class='ocrx_word' id='word_1_213' title='bbox 1029 3729 1074 3774; x_wconf 85' lang='lat' dir='ltr'><strong>ex</strong></span> <span class='ocrx_word' id='word_1_214' title='bbox 1086 3708 1225 3794; x_wconf 89' lang='lat' dir='ltr'><strong>Didymi</strong></span> <span class='ocrx_word' id='word_1_215' title='bbox 1238 3709 1345 3775; x_wconf 82' lang='lat' dir='ltr'><strong>Ohal·</strong></span> 
     </span>
     <span class='ocr_line' id='line_1_30' title="bbox 281 3822 1343 3905; baseline 0 -15"><span class='ocrx_word' id='word_1_216' title='bbox 281 3823 410 3890; x_wconf 87' lang='lat' dir='ltr'><strong>centeri</strong></span> <span class='ocrx_word' id='word_1_217' title='bbox 434 3824 681 3889; x_wconf 87' lang='lat' dir='ltr'><strong>commentariis</strong></span> <span class='ocrx_word' id='word_1_218' title='bbox 711 3823 884 3889; x_wconf 79' lang='lat' dir='ltr'><strong>derivatae</strong></span> <span class='ocrx_word' id='word_1_219' title='bbox 907 3822 1100 3905; x_wconf 83' lang='lat' dir='ltr'><strong>videantur,</strong></span> <span class='ocrx_word' id='word_1_220' title='bbox 1127 3824 1228 3888; x_wconf 93' lang='lat' dir='ltr'><strong>immo</strong></span> <span class='ocrx_word' id='word_1_221' title='bbox 1254 3825 1343 3890; x_wconf 85' lang='lat' dir='ltr'><strong>adeo</strong></span> 
     </span>
     <span class='ocr_line' id='line_1_31' title="bbox 278 3937 1343 4026; baseline -0.001 -20"><span class='ocrx_word' id='word_1_222' title='bbox 278 3940 343 4026; x_wconf 91' lang='lat' dir='ltr'><strong>ipsi</strong></span> <span class='ocrx_word' id='word_1_223' title='bbox 356 3937 503 4004; x_wconf 77' lang='lat' dir='ltr'><strong>Caecilio</strong></span> <span class='ocrx_word' id='word_1_224' title='bbox 519 3956 588 4002; x_wconf 94' lang='lat' dir='ltr'><strong>non</strong></span> <span class='ocrx_word' id='word_1_225' title='bbox 601 3937 699 4003; x_wconf 89' lang='lat' dir='ltr'><strong>nulla</strong></span> <span class='ocrx_word' id='word_1_226' title='bbox 712 3938 874 4004; x_wconf 88' lang='lat' dir='ltr'><strong>debeant:</strong></span> <span class='ocrx_word' id='word_1_227' title='bbox 898 3938 991 4003; x_wconf 92' lang='lat' dir='ltr'><strong>undc</strong></span> <span class='ocrx_word' id='word_1_228' title='bbox 1008 3938 1137 4002; x_wconf 88' lang='lat' dir='ltr'><strong>factum</strong></span> <span class='ocrx_word' id='word_1_229' title='bbox 1150 3958 1227 4004; x_wconf 88' lang='lat' dir='ltr'><strong>csso</strong></span> <span class='ocrx_word' id='word_1_230' title='bbox 1243 3946 1343 4025; x_wconf 88' lang='lat' dir='ltr'><strong>puto·</strong></span> 
     </span>
     <span class='ocr_line' id='line_1_32' title="bbox 280 4050 1342 4140; baseline -0.001 -19"><span class='ocrx_word' id='word_1_231' title='bbox 280 4050 366 4135; x_wconf 72' lang='lat' dir='ltr'><strong>mus,</strong></span> <span class='ocrx_word' id='word_1_232' title='bbox 401 4059 439 4136; x_wconf 73' lang='lat' dir='ltr'><strong>ut</strong></span> <span class='ocrx_word' id='word_1_233' title='bbox 462 4052 579 4117; x_wconf 85' lang='lat' dir='ltr'><strong>aetatis</strong></span> <span class='ocrx_word' id='word_1_234' title='bbox 605 4052 757 4118; x_wconf 91' lang='lat' dir='ltr'><strong>ordinem</strong></span> <span class='ocrx_word' id='word_1_235' title='bbox 779 4058 966 4140; x_wconf 88' lang='lat' dir='ltr'><strong>sequantur</strong></span> <span class='ocrx_word' id='word_1_236' title='bbox 994 4052 1205 4138; x_wconf 83' lang='lat' dir='ltr'><strong>singulorum</strong></span> <span class='ocrx_word' id='word_1_237' title='bbox 1228 4061 1342 4120; x_wconf 89' lang='lat' dir='ltr'><strong>orato·</strong></span> 
     </span>
     <span class='ocr_line' id='line_1_33' title="bbox 279 4166 1344 4252; baseline -0.001 -16"><span class='ocrx_word' id='word_1_238' title='bbox 279 4189 367 4251; x_wconf 86' lang='lat' dir='ltr'><strong>rum,</strong></span> <span class='ocrx_word' id='word_1_239' title='bbox 390 4168 455 4234; x_wconf 91' lang='lat' dir='ltr'><strong>nisi</strong></span> <span class='ocrx_word' id='word_1_240' title='bbox 478 4188 525 4232; x_wconf 86' lang='lat' dir='ltr'><strong>ex</strong></span> <span class='ocrx_word' id='word_1_241' title='bbox 548 4168 711 4252; x_wconf 88' lang='lat' dir='ltr'><strong>eiusdem,</strong></span> <span class='ocrx_word' id='word_1_242' title='bbox 734 4167 831 4234; x_wconf 91' lang='lat' dir='ltr'><strong>ouius</strong></span> <span class='ocrx_word' id='word_1_243' title='bbox 856 4166 999 4252; x_wconf 80' lang='lat' dir='ltr'><strong>vestigia</strong></span> <span class='ocrx_word' id='word_1_244' title='bbox 1020 4175 1233 4252; x_wconf 88' lang='lat' dir='ltr'><strong>presserunt,</strong></span> <span class='ocrx_word' id='word_1_245' title='bbox 1261 4169 1344 4236; x_wconf 87' lang='lat' dir='ltr'><strong>rha-</strong></span> 
     </span>
    </p>
   </div>
   <div class='ocr_carea' id='block_1_3' title="bbox 0 0 1440 4946">
    <p class='ocr_par' dir='ltr' id='par_1_4' title="bbox 0 0 1440 4946">
     <span class='ocr_line' id='line_1_34' title="bbox 0 0 1440 4946; baseline 0 1"><span class='ocrx_word' id='word_1_246' title='bbox 0 0 1440 4946; x_wconf 95' lang='lat' dir='ltr'><strong> </strong></span> 
     </span>
    </p>
   </div>
  </div>
 </body>
</html>
