2872 4946
545 456 763 521 ..21-

121 649 166 695 ex
181 629 456 716 Pseudolongini
472 630 586 696 verbis
608 630 759 718 Toupiua
784 641 818 701 et
833 634 1033 718 Buohcnau,
1056 637 1185 724 primus

122 744 199 828 luit,
224 744 282 833 qui
304 741 395 810 hanc
417 763 490 810 rem
512 751 684 812 tractaret.
1169 741 1170 744 '

138 917 142 926 .
209 861 318 925 Porro
342 859 386 924 ad
408 867 609 946 apparatum
632 867 667 926 et
687 869 803 946 partes
831 865 910 931 libri
934 866 1102 955 deperditi
1132 869 1181 934 in-

121 974 328 1060 vestiganda
359 975 441 1040 satis
469 985 597 1040 certam
626 995 743 1040 ansam
770 981 912 1064 praebet
941 982 1031 1048 idem
1065 992 1184 1051 auctor

121 1090 178 1174 (fr.
190 1091 263 1173 44),
274 1091 334 1155 ubi
347 1089 498 1177 quinque
511 1091 609 1178 quasi
621 1090 733 1156 fontes
747 1093 964 1161 sublimitatis
978 1117 1183 1165 enumerans

122 1224 241 1269 eorum
265 1205 394 1290 aliquot
417 1205 603 1271 ancilium
627 1207 779 1272 omisisse
803 1208 894 1274 dicit.
941 1211 985 1276 Et
1009 1212 1114 1290 πάῒνος
1137 1233 1181 1280 nc

121 1338 403 1384 commemorasse
426 1319 561 1406 quidem
584 1320 736 1406 videtur3
759 1344 837 1388 nam
852 1324 1016 1413 Psdlong.
1035 1327 1180 1411 dubitat,

120 1441 237 1500 utrum
264 1434 497 1500 adversarium
524 1432 628 1511 πάῖνος
654 1435 744 1500 idem
771 1440 864 1524 quod
894 1438 973 1526 ὕψος
997 1442 1181 1527 iudicasse,

121 1569 165 1613 an
189 1548 277 1613 adeo
300 1548 387 1612 illud
411 1549 453 1614 ab
478 1549 542 1614 heo
566 1551 714 1616 alienum
736 1559 876 1639 putasse
900 1562 1038 1641 statuat,
1062 1563 1095 1623 et
1110 1564 1183 1624 tum

121 1662 306 1749 utrobique
334 1683 412 1727 eum
440 1664 578 1729 refellit.
624 1664 748 1732 Cetera
769 1688 868 1751 vero,
897 1670 931 1733 ni
955 1670 1070 1755 fallor,
1098 1672 1181 1738 an-

121 1777 221 1841 cilius
246 1777 358 1842 omnia
379 1781 555 1864 tractavit3
583 1800 661 1846 nam
684 1790 718 1847 et
741 1783 927 1873 Psdolong.
957 1787 1125 1874 signifieat
1149 1795 1183 1855 et

120 1891 224 1977 plane
249 1913 289 1956 ea
313 1895 522 1958 conveniunt
546 1916 624 1959 cum
645 1897 824 1981 partitione
847 1900 908 1966 illa
932 1903 1013 1967 artis
1036 1903 1183 1986 dicendi,

122 2028 226 2093 quam
241 2007 426 2094 Dionysius
446 2031 509 2075 aua
526 2015 637 2076 aetate
662 2013 838 2096 vulgatam
860 2035 936 2079 esse
961 2038 1064 2104 saepe
1088 2018 1183 2103 dicit3

122 2141 222 2186 omne
255 2122 344 2187 enim
370 2143 480 2209 genus
509 2123 645 2189 dicendi
677 2125 875 2192 dividebant
905 2130 941 2195 in
968 2129 1182 2216 πραγματικὸν

119 2239 306 2323 χαρακτῆρα
328 2238 401 2324 (qui
424 2260 543 2304 rursus
567 2247 626 2306 aut
655 2240 698 2306 ad
723 2239 834 2326 εὕρεσιν
857 2249 915 2309 aut
941 2244 985 2308 ad
1009 2245 1183 2330 οἰκονομίαν

119 2350 192 2415 siue
216 2347 305 2427 τάξιν
327 2351 533 2437 pertinebat)
558 2360 591 2418 et
607 2353 749 2421 λεκτικὸν
771 2360 965 2444 χαρακτῆρα
990 2360 1045 2426 cui
1062 2356 1184 2446 ἐκλογὴ,

119 2462 260 2540 σάνὲνεσις
286 2461 453 2550 ὀνομάτων,
474 2469 611 2534 tertium
643 2469 810 2556 σχημάτων
836 2469 949 2549 πλοίοις
976 2480 1073 2540 erant
1104 2472 1183 2538 sub-

119 2577 218 2644 iecta.
270 2579 369 2646 Hanc
391 2581 498 2667 igitur
519 2583 738 2669 partitionem
761 2584 945 2652 Caecilium
968 2607 1107 2675 quoque
1131 2607 1184 2652 se·

120 2699 238 2758 cutum
266 2696 411 2778 conicio,
447 2698 508 2762 sed
544 2698 607 2780 ita,
642 2704 681 2762 ut
707 2698 921 2784 πραγματικὸν
947 2724 1016 2786 χαρ.
1046 2701 1088 2766 ab
1117 2701 1183 2766 hac

120 2809 321 2892 quaestione
356 2811 505 2876 alienum
546 2810 612 2896 (cf.
647 2810 880 2898 Pseudolong.
914 2833 988 2898 cap.
1023 2812 1041 2874 I
1076 2813 1105 2896 §-
1140 2813 1182 2896 4)

120 2924 301 2990 omitteret.

206 3039 350 3116 Ceterae
387 3061 470 3107 uero
508 3041 588 3106 libri
623 3041 788 3127 reliquiae
825 3061 943 3106 omnes
972 3041 1015 3106 ad
1053 3039 1183 3128 ἐκλογὴν

117 3150 278 3240 ὀνομάτων
300 3156 471 3241 pertinere
494 3156 656 3223 videntur
679 3156 737 3240 (fr.
753 3155 917 3241 45-47);
942 3176 1029 3243 quae
1047 3155 1182 3240 quidem

90 3337 93 3344 Δ
117 3270 221 3334 talem
244 3271 343 3335 nobis
367 3271 516 3357 produnt
539 3277 731 3354 auctorem,
764 3272 822 3356 qui
853 3291 986 3356 semper
1016 3270 1107 3335 inter
1128 3276 1182 3336 tu·

116 3385 244 3450 midum
274 3391 308 3450 et
338 3386 435 3452 nimis
468 3385 646 3472 vulgarem
668 3386 705 3450 in
729 3385 874 3450 dicendo
899 3405 1181 3464 sermonsm0me·

119 3498 208 3565 diem
234 3499 404 3584 quandam
428 3501 517 3566 viam
540 3501 711 3582 tenuerit,
742 3501 804 3564 sed
826 3499 942 3585 paullo
964 3500 1112 3566 timidius
1137 3501 1181 3565 ab

118 3612 182 3679 hac
207 3614 440 3680 mediocritate
464 3615 579 3680 recedi
602 3616 767 3681 uetuerit.¹
805 3613 848 3678 In
871 3614 1068 3680 universum
1092 3614 1182 3680 enim

117 3728 350 3794 iudicantibus
373 3729 644 3816 Pseudolongini
672 3729 836 3795 iudicium
858 3730 1074 3816 probandum
1102 3730 1180 3795 erit:

117 3841 305 3910 Caecilium
332 3851 471 3932 propter
503 3844 651 3910 studium
675 3845 812 3930 quidem
844 3850 877 3910 et
906 3843 1116 3930 diligentiam
1145 3845 1181 3908 in

117 3958 283 4045 exemplis
319 3959 486 4046 eligendis
525 3960 754 4044 laudandum,
791 3960 851 4026 sed
886 3961 951 4025 toti
989 3959 1181 4045 quaestioni

116 4074 208 4138 omni
231 4094 275 4138 ex
297 4079 396 4160 parte
418 4074 644 4142 illustrandae
667 4080 769 4160 atque
794 4073 838 4140 ad
861 4073 963 4140 finem
986 4075 1180 4161 perducen-

117 4185 185 4252 dae
208 4187 310 4274 plane
332 4188 495 4275 imparem
518 4188 635 4254 luisse.

1281 4512 1420 4718 Δ
