<?xml version="1.0" encoding="UTF-8"?>
<!DOCTYPE html PUBLIC "-//W3C//DTD XHTML 1.0 Transitional//EN"
    "http://www.w3.org/TR/xhtml1/DTD/xhtml1-transitional.dtd">
<html xmlns="http://www.w3.org/1999/xhtml" xml:lang="en" lang="en">
 <head>
  <title>
</title>
<meta http-equiv="Content-Type" content="text/html;charset=utf-8" />
  <meta name='ocr-system' content='tesseract 3.04.00' />
  <meta name='ocr-capabilities' content='ocr_page ocr_carea ocr_par ocr_line ocrx_word'/>
</head>
<body>
  <div class='ocr_page' id='page_1' title='image "./caecilirhetoris00burcgoog_0050.png"; bbox 0 0 2872 4946; ppageno 0'>
   <div class='ocr_carea' id='block_1_1' title="bbox 511 426 733 488">
    <p class='ocr_par' dir='ltr' id='par_1_1' title="bbox 511 426 733 488">
     <span class='ocr_line' id='line_1_1' title="bbox 511 426 733 488; baseline 0 -16"><span class='ocrx_word' id='word_1_1' title='bbox 511 426 733 488; x_wconf 70' lang='grc'>..45-</span> 
     </span>
    </p>
   </div>
   <div class='ocr_carea' id='block_1_2' title="bbox 83 593 1164 4116">
    <p class='ocr_par' dir='ltr' id='par_1_2' title="bbox 83 593 1164 2640">
     <span class='ocr_line' id='line_1_2' title="bbox 91 593 1152 688; baseline 0.005 -26"><span class='ocrx_word' id='word_1_2' title='bbox 91 596 173 683; x_wconf 65' lang='lat' dir='ltr'><strong>nnat</strong></span> <span class='ocrx_word' id='word_1_3' title='bbox 193 599 279 675; x_wconf 85' lang='grc' dir='ltr'><strong>τινές</strong></span> <span class='ocrx_word' id='word_1_4' title='bbox 303 597 381 666; x_wconf 82' lang='grc' dir='ltr'><strong>είστν</strong></span> <span class='ocrx_word' id='word_1_5' title='bbox 403 597 438 664; x_wconf 88' lang='grc' dir='ltr'><strong>αί</strong></span> <span class='ocrx_word' id='word_1_6' title='bbox 459 595 518 684; x_wconf 76' lang='grc' dir='ltr'><strong>τῆς</strong></span> <span class='ocrx_word' id='word_1_7' title='bbox 538 593 707 688; x_wconf 72' lang='grc' dir='ltr'><strong>ὖψηρορίας</strong></span> <span class='ocrx_word' id='word_1_8' title='bbox 736 597 944 687; x_wconf 83' lang='grc' dir='ltr'><strong>γονιμιίταται</strong></span> <span class='ocrx_word' id='word_1_9' title='bbox 966 637 1008 648; x_wconf 94' lang='grc'>-</span> <span class='ocrx_word' id='word_1_10' title='bbox 1031 598 1152 686; x_wconf 76' lang='grc' dir='ltr'><strong>πρῶτον</strong></span> 
     </span>
     <span class='ocr_line' id='line_1_3' title="bbox 89 707 1153 802; baseline 0.001 -23"><span class='ocrx_word' id='word_1_11' title='bbox 89 713 132 798; x_wconf 77' lang='grc' dir='ltr'><strong>μὲν</strong></span> <span class='ocrx_word' id='word_1_12' title='bbox 150 711 205 780; x_wconf 86' lang='grc' dir='ltr'><strong>καί</strong></span> <span class='ocrx_word' id='word_1_13' title='bbox 227 710 403 800; x_wconf 77' lang='grc' dir='ltr'><strong>κράτιστον</strong></span> <span class='ocrx_word' id='word_1_14' title='bbox 425 707 465 780; x_wconf 84' lang='grc' dir='ltr'><strong>τὸ</strong></span> <span class='ocrx_word' id='word_1_15' title='bbox 488 712 572 802; x_wconf 87' lang='grc' dir='ltr'><strong>περὶ</strong></span> <span class='ocrx_word' id='word_1_16' title='bbox 593 709 665 793; x_wconf 84' lang='grc' dir='ltr'><strong>τάς</strong></span> <span class='ocrx_word' id='word_1_17' title='bbox 685 712 838 800; x_wconf 76' lang='grc' dir='ltr'>νοήσεις</span> <span class='ocrx_word' id='word_1_18' title='bbox 866 709 1153 802; x_wconf 85' lang='grc' dir='ltr'><strong>άδρεπήβολον,</strong></span> 
     </span>
     <span class='ocr_line' id='line_1_4' title="bbox 86 821 1152 917; baseline 0.003 -22"><span class='ocrx_word' id='word_1_19' title='bbox 86 821 119 906; x_wconf 81' lang='grc' dir='ltr'><strong>ιλς</strong></span> <span class='ocrx_word' id='word_1_20' title='bbox 145 825 204 895; x_wconf 88' lang='grc' dir='ltr'><strong>κάν</strong></span> <span class='ocrx_word' id='word_1_21' title='bbox 239 837 316 906; x_wconf 84' lang='grc' dir='ltr'><strong>τοῖς</strong></span> <span class='ocrx_word' id='word_1_22' title='bbox 347 826 416 915; x_wconf 81' lang='grc' dir='ltr'><strong>περί</strong></span> <span class='ocrx_word' id='word_1_23' title='bbox 448 826 638 917; x_wconf 63' lang='grc' dir='ltr'><strong>Ξρνοφῶντος</strong></span> <span class='ocrx_word' id='word_1_24' title='bbox 670 823 863 916; x_wconf 59' lang='grc' dir='ltr'><strong>ὧροσάμεδα,</strong></span> <span class='ocrx_word' id='word_1_25' title='bbox 895 827 1031 916; x_wconf 85' lang='grc' dir='ltr'><strong>δεότορον</strong></span> <span class='ocrx_word' id='word_1_26' title='bbox 1059 829 1093 897; x_wconf 81' lang='grc' dir='ltr'><strong>δλ</strong></span> <span class='ocrx_word' id='word_1_27' title='bbox 1115 824 1152 898; x_wconf 85' lang='grc' dir='ltr'><strong>τὸ</strong></span> 
     </span>
     <span class='ocr_line' id='line_1_5' title="bbox 86 937 1152 1031; baseline 0.003 -22"><span class='ocrx_word' id='word_1_28' title='bbox 86 937 198 1028; x_wconf 76' lang='grc' dir='ltr'><strong>σφοδρόν</strong></span> <span class='ocrx_word' id='word_1_29' title='bbox 219 941 283 1010; x_wconf 86' lang='grc' dir='ltr'><strong>καὶ</strong></span> <span class='ocrx_word' id='word_1_30' title='bbox 308 941 552 1012; x_wconf 48' lang='lat' dir='ltr'><strong>mmm&amp;</strong></span> <span class='ocrx_word' id='word_1_31' title='bbox 574 941 699 1024; x_wconf 56' lang='grc' dir='ltr'><strong>πάδος</strong></span> <span class='ocrx_word' id='word_1_32' title='bbox 716 984 758 995; x_wconf 95' lang='grc'><strong>-</strong></span> <span class='ocrx_word' id='word_1_33' title='bbox 778 940 801 1031; x_wconf 73' lang='grc' dir='ltr'><strong>ἦ</strong></span> <span class='ocrx_word' id='word_1_34' title='bbox 823 967 859 1011; x_wconf 83' lang='grc' dir='ltr'><strong>τε</strong></span> <span class='ocrx_word' id='word_1_35' title='bbox 880 939 955 1012; x_wconf 83' lang='grc' dir='ltr'><strong>ποιά</strong></span> <span class='ocrx_word' id='word_1_36' title='bbox 976 942 1046 1011; x_wconf 74' lang='grc' dir='ltr'><strong>τῶν</strong></span> <span class='ocrx_word' id='word_1_37' title='bbox 1068 967 1152 1031; x_wconf 75' lang='grc' dir='ltr'><strong>σχη</strong></span> 
     </span>
     <span class='ocr_line' id='line_1_6' title="bbox 85 1053 1152 1147; baseline 0.002 -23"><span class='ocrx_word' id='word_1_38' title='bbox 85 1055 205 1142; x_wconf 90' lang='grc' dir='ltr'><strong>μάτων</strong></span> <span class='ocrx_word' id='word_1_39' title='bbox 227 1056 374 1137; x_wconf 90' lang='grc' dir='ltr'><strong>πλάσις</strong></span> <span class='ocrx_word' id='word_1_40' title='bbox 395 1056 497 1146; x_wconf 82' lang='grc' dir='ltr'><strong>(δισσὰ</strong></span> <span class='ocrx_word' id='word_1_41' title='bbox 519 1063 554 1128; x_wconf 82' lang='grc' dir='ltr'><strong>δό</strong></span> <span class='ocrx_word' id='word_1_42' title='bbox 574 1083 632 1127; x_wconf 87' lang='grc' dir='ltr'><strong>πον</strong></span> <span class='ocrx_word' id='word_1_43' title='bbox 654 1057 756 1127; x_wconf 79' lang='grc' dir='ltr'><strong>ταῦτα</strong></span> <span class='ocrx_word' id='word_1_44' title='bbox 782 1053 825 1127; x_wconf 82' lang='grc' dir='ltr'><strong>τά</strong></span> <span class='ocrx_word' id='word_1_45' title='bbox 853 1060 908 1147; x_wconf 75' lang='grc' dir='ltr'><strong>μὲν</strong></span> <span class='ocrx_word' id='word_1_46' title='bbox 929 1057 1069 1146; x_wconf 90' lang='grc' dir='ltr'><strong>νοήσεως,</strong></span> <span class='ocrx_word' id='word_1_47' title='bbox 1089 1057 1152 1128; x_wconf 67' lang='grc' dir='ltr'><strong>ἵνά»-</strong></span> 
     </span>
     <span class='ocr_line' id='line_1_7' title="bbox 85 1165 1152 1262; baseline 0.001 -21"><span class='ocrx_word' id='word_1_48' title='bbox 85 1196 148 1259; x_wconf 77' lang='grc' dir='ltr'><strong>τερα</strong></span> <span class='ocrx_word' id='word_1_49' title='bbox 168 1174 203 1241; x_wconf 80' lang='grc' dir='ltr'><strong>δὲ</strong></span> <span class='ocrx_word' id='word_1_50' title='bbox 226 1174 360 1260; x_wconf 75' lang='grc' dir='ltr'><strong>λέξεως)</strong></span> <span class='ocrx_word' id='word_1_51' title='bbox 386 1172 436 1241; x_wconf 82' lang='grc' dir='ltr'><strong>ἐπί</strong></span> <span class='ocrx_word' id='word_1_52' title='bbox 456 1174 490 1242; x_wconf 81' lang='grc' dir='ltr'><strong>δὲ</strong></span> <span class='ocrx_word' id='word_1_53' title='bbox 508 1171 627 1252; x_wconf 76' lang='grc' dir='ltr'><strong>τούτοις</strong></span> <span class='ocrx_word' id='word_1_54' title='bbox 647 1168 669 1260; x_wconf 83' lang='grc' dir='ltr'>ἡ</span> <span class='ocrx_word' id='word_1_55' title='bbox 689 1175 842 1260; x_wconf 84' lang='grc' dir='ltr'><strong>γενναία</strong></span> <span class='ocrx_word' id='word_1_56' title='bbox 864 1172 1005 1262; x_wconf 81' lang='grc' dir='ltr'><strong>φράσις,</strong></span> <span class='ocrx_word' id='word_1_57' title='bbox 1020 1165 1060 1261; x_wconf 83' lang='grc' dir='ltr'><strong>ής</strong></span> <span class='ocrx_word' id='word_1_58' title='bbox 1075 1177 1152 1262; x_wconf 76' lang='grc' dir='ltr'><strong>μέρη</strong></span> 
     </span>
     <span class='ocr_line' id='line_1_8' title="bbox 85 1283 1153 1379; baseline 0.002 -25"><span class='ocrx_word' id='word_1_59' title='bbox 85 1286 163 1354; x_wconf 84' lang='grc' dir='ltr'><strong>πάλιν</strong></span> <span class='ocrx_word' id='word_1_60' title='bbox 190 1286 362 1376; x_wconf 76' lang='grc' dir='ltr'><strong>ὀνομάτων</strong></span> <span class='ocrx_word' id='word_1_61' title='bbox 388 1315 423 1356; x_wconf 87' lang='grc' dir='ltr'><strong>τε</strong></span> <span class='ocrx_word' id='word_1_62' title='bbox 450 1284 559 1376; x_wconf 82' lang='grc' dir='ltr'><strong>ἐκλογή</strong></span> <span class='ocrx_word' id='word_1_63' title='bbox 586 1283 687 1376; x_wconf 80' lang='grc' dir='ltr'><strong>καὶὴ</strong></span> <span class='ocrx_word' id='word_1_64' title='bbox 721 1285 851 1379; x_wconf 83' lang='grc' dir='ltr'><strong>τροπική</strong></span> <span class='ocrx_word' id='word_1_65' title='bbox 882 1288 937 1357; x_wconf 89' lang='grc' dir='ltr'><strong>καί</strong></span> <span class='ocrx_word' id='word_1_66' title='bbox 966 1291 1153 1376; x_wconf 77' lang='grc' dir='ltr'><strong>πεποιημένη</strong></span> 
     </span>
     <span class='ocr_line' id='line_1_9' title="bbox 83 1399 1154 1492; baseline 0.001 -21"><span class='ocrx_word' id='word_1_67' title='bbox 83 1401 160 1482; x_wconf 80' lang='grc' dir='ltr'><strong>λέξις</strong></span> <span class='ocrx_word' id='word_1_68' title='bbox 191 1407 331 1491; x_wconf 81' lang='grc' dir='ltr'><strong>πέμπτη</strong></span> <span class='ocrx_word' id='word_1_69' title='bbox 365 1405 399 1471; x_wconf 81' lang='grc' dir='ltr'><strong>δὲ</strong></span> <span class='ocrx_word' id='word_1_70' title='bbox 429 1407 579 1492; x_wconf 61' lang='grc' dir='ltr'><strong>μεγόαονς</strong></span> <span class='ocrx_word' id='word_1_71' title='bbox 608 1405 694 1472; x_wconf 81' lang='grc' dir='ltr'><strong>αἰτία</strong></span> <span class='ocrx_word' id='word_1_72' title='bbox 719 1403 775 1471; x_wconf 87' lang='grc' dir='ltr'><strong>καί</strong></span> <span class='ocrx_word' id='word_1_73' title='bbox 803 1404 1000 1490; x_wconf 79' lang='grc' dir='ltr'><strong>σινμκλιίονσα</strong></span> <span class='ocrx_word' id='word_1_74' title='bbox 1027 1402 1067 1472; x_wconf 83' lang='grc' dir='ltr'><strong>τά</strong></span> <span class='ocrx_word' id='word_1_75' title='bbox 1096 1399 1154 1492; x_wconf 79' lang='grc' dir='ltr'><strong>πρὸ</strong></span> 
     </span>
     <span class='ocr_line' id='line_1_10' title="bbox 84 1513 1154 1607; baseline 0 -21"><span class='ocrx_word' id='word_1_76' title='bbox 84 1516 188 1604; x_wconf 78' lang='grc' dir='ltr'><strong>ἕαοτής</strong></span> <span class='ocrx_word' id='word_1_77' title='bbox 212 1514 356 1600; x_wconf 81' lang='grc' dir='ltr'><strong>ἅπαντα,</strong></span> <span class='ocrx_word' id='word_1_78' title='bbox 378 1513 399 1605; x_wconf 78' lang='grc' dir='ltr'>ἡ</span> <span class='ocrx_word' id='word_1_79' title='bbox 422 1522 452 1586; x_wconf 83' lang='grc' dir='ltr'><strong>ἐν</strong></span> <span class='ocrx_word' id='word_1_80' title='bbox 476 1517 631 1607; x_wconf 83' lang='grc' dir='ltr'><strong>ἀξιόματι</strong></span> <span class='ocrx_word' id='word_1_81' title='bbox 652 1519 707 1588; x_wconf 84' lang='grc' dir='ltr'><strong>καὶ</strong></span> <span class='ocrx_word' id='word_1_82' title='bbox 729 1519 841 1607; x_wconf 78' lang='grc' dir='ltr'><strong>διάρσει</strong></span> <span class='ocrx_word' id='word_1_83' title='bbox 862 1520 1057 1599; x_wconf 67' lang='grc' dir='ltr'><strong>σόνῖνεσις</strong></span> <span class='ocrx_word' id='word_1_84' title='bbox 1082 1522 1154 1607; x_wconf 74' lang='grc' dir='ltr'><strong>φέρε</strong></span> 
     </span>
     <span class='ocr_line' id='line_1_11' title="bbox 83 1627 1153 1721; baseline 0.004 -23"><span class='ocrx_word' id='word_1_85' title='bbox 83 1627 181 1719; x_wconf 79' lang='grc' dir='ltr'><strong>δήτά</strong></span> <span class='ocrx_word' id='word_1_86' title='bbox 209 1630 453 1720; x_wconf 77' lang='grc' dir='ltr'><strong>ἐμπεριεχόμενα</strong></span> <span class='ocrx_word' id='word_1_87' title='bbox 478 1632 550 1705; x_wconf 66' lang='grc' dir='ltr'><strong>καῖί</strong></span> <span class='ocrx_word' id='word_1_88' title='bbox 577 1632 711 1718; x_wconf 75' lang='grc' dir='ltr'><strong>ἑκάστην</strong></span> <span class='ocrx_word' id='word_1_89' title='bbox 734 1635 815 1702; x_wconf 82' lang='grc' dir='ltr'><strong>ίδέαν</strong></span> <span class='ocrx_word' id='word_1_90' title='bbox 842 1633 960 1702; x_wconf 78' lang='grc' dir='ltr'><strong>τούτων</strong></span> <span class='ocrx_word' id='word_1_91' title='bbox 986 1632 1153 1721; x_wconf 70' lang='grc' dir='ltr'><strong>ἐπισκεψιδ</strong></span> 
     </span>
     <span class='ocr_line' id='line_1_12' title="bbox 84 1743 1164 1837; baseline 0 -23"><span class='ocrx_word' id='word_1_92' title='bbox 84 1749 171 1830; x_wconf 56' lang='grc' dir='ltr'><strong>μεδα,</strong></span> <span class='ocrx_word' id='word_1_93' title='bbox 194 1745 345 1814; x_wconf 73' lang='grc' dir='ltr'><strong>τοσοῦτον</strong></span> <span class='ocrx_word' id='word_1_94' title='bbox 368 1747 566 1834; x_wconf 86' lang='grc' dir='ltr'><strong>προειπόντες,</strong></span> <span class='ocrx_word' id='word_1_95' title='bbox 596 1744 728 1816; x_wconf 75' lang='grc' dir='ltr'><strong>ὅτιτῶν</strong></span> <span class='ocrx_word' id='word_1_96' title='bbox 758 1751 848 1817; x_wconf 76' lang='grc' dir='ltr'><strong>πέντε</strong></span> <span class='ocrx_word' id='word_1_97' title='bbox 870 1751 980 1837; x_wconf 88' lang='grc' dir='ltr'><strong>μορίων</strong></span> <span class='ocrx_word' id='word_1_98' title='bbox 1007 1743 1023 1816; x_wconf 91' lang='lat'>5</span> <span class='ocrx_word' id='word_1_99' title='bbox 1044 1747 1164 1816; x_wconf 69' lang='grc' dir='ltr'><strong>Καικί-</strong></span> 
     </span>
     <span class='ocr_line' id='line_1_13' title="bbox 83 1857 1156 1952; baseline 0.002 -24"><span class='ocrx_word' id='word_1_100' title='bbox 83 1865 138 1940; x_wconf 91' lang='grc' dir='ltr'><strong>λιος</strong></span> <span class='ocrx_word' id='word_1_101' title='bbox 158 1861 246 1930; x_wconf 73' lang='grc' dir='ltr'><strong>ἔστιν</strong></span> <span class='ocrx_word' id='word_1_102' title='bbox 271 1857 294 1929; x_wconf 74' lang='grc' dir='ltr'><strong>δι’</strong></span> <span class='ocrx_word' id='word_1_103' title='bbox 316 1865 487 1949; x_wconf 75' lang='grc' dir='ltr'><strong>παρέλιπεν,</strong></span> <span class='ocrx_word' id='word_1_104' title='bbox 510 1857 553 1942; x_wconf 83' lang='grc' dir='ltr'><strong>ὦς</strong></span> <span class='ocrx_word' id='word_1_105' title='bbox 574 1862 628 1931; x_wconf 86' lang='grc' dir='ltr'><strong>καί</strong></span> <span class='ocrx_word' id='word_1_106' title='bbox 650 1863 686 1931; x_wconf 87' lang='grc' dir='ltr'><strong>τδ</strong></span> <span class='ocrx_word' id='word_1_107' title='bbox 710 1861 816 1942; x_wconf 56' lang='grc' dir='ltr'><strong>πάλος</strong></span> <span class='ocrx_word' id='word_1_108' title='bbox 837 1862 952 1952; x_wconf 73' lang='grc' dir='ltr'><strong>ἀμέλει.</strong></span> <span class='ocrx_word' id='word_1_109' title='bbox 987 1870 1017 1931; x_wconf 83' lang='lat'><strong>2.</strong></span> <span class='ocrx_word' id='word_1_110' title='bbox 1040 1860 1100 1929; x_wconf 83' lang='grc' dir='ltr'><strong>ἀλλ’</strong></span> <span class='ocrx_word' id='word_1_111' title='bbox 1128 1864 1156 1930; x_wconf 89' lang='grc' dir='ltr'><strong>εί</strong></span> 
     </span>
     <span class='ocr_line' id='line_1_14' title="bbox 85 1972 1154 2067; baseline -0.001 -22"><span class='ocrx_word' id='word_1_112' title='bbox 85 1976 133 2061; x_wconf 73' lang='grc' dir='ltr'><strong>μὲν</strong></span> <span class='ocrx_word' id='word_1_113' title='bbox 156 1972 202 2056; x_wconf 80' lang='grc' dir='ltr'><strong>ὧς</strong></span> <span class='ocrx_word' id='word_1_114' title='bbox 225 1978 259 2044; x_wconf 80' lang='grc' dir='ltr'><strong>ἔν</strong></span> <span class='ocrx_word' id='word_1_115' title='bbox 282 2002 315 2043; x_wconf 87' lang='grc' dir='ltr'><strong>τι</strong></span> <span class='ocrx_word' id='word_1_116' title='bbox 336 1974 414 2044; x_wconf 76' lang='grc' dir='ltr'><strong>τοῦτ’</strong></span> <span class='ocrx_word' id='word_1_117' title='bbox 442 1974 547 2066; x_wconf 81' lang='grc' dir='ltr'><strong>ἄμφω,</strong></span> <span class='ocrx_word' id='word_1_118' title='bbox 569 1976 606 2045; x_wconf 91' lang='grc' dir='ltr'><strong>τό</strong></span> <span class='ocrx_word' id='word_1_119' title='bbox 628 2003 663 2045; x_wconf 92' lang='grc' dir='ltr'><strong>τε</strong></span> <span class='ocrx_word' id='word_1_120' title='bbox 685 1973 829 2067; x_wconf 76' lang='grc' dir='ltr'><strong>ὕψοςκαὶ</strong></span> <span class='ocrx_word' id='word_1_121' title='bbox 844 1972 1077 2064; x_wconf 59' lang='grc' dir='ltr'><strong>τὸπαδητικὸν,</strong></span> <span class='ocrx_word' id='word_1_122' title='bbox 1099 1975 1154 2044; x_wconf 87' lang='grc' dir='ltr'><strong>καὶ</strong></span> 
     </span>
     <span class='ocr_line' id='line_1_15' title="bbox 84 2089 1154 2184; baseline 0.002 -26"><span class='ocrx_word' id='word_1_123' title='bbox 84 2089 181 2172; x_wconf 76' lang='grc' dir='ltr'><strong>εδοξεν</strong></span> <span class='ocrx_word' id='word_1_124' title='bbox 211 2091 298 2184; x_wconf 73' lang='grc' dir='ltr'><strong>αὐτῷ</strong></span> <span class='ocrx_word' id='word_1_125' title='bbox 320 2092 425 2179; x_wconf 83' lang='grc' dir='ltr'><strong>πάντη</strong></span> <span class='ocrx_word' id='word_1_126' title='bbox 447 2092 642 2180; x_wconf 80' lang='grc' dir='ltr'><strong>ονννπάρχειν</strong></span> <span class='ocrx_word' id='word_1_127' title='bbox 664 2119 699 2161; x_wconf 85' lang='grc' dir='ltr'><strong>τε</strong></span> <span class='ocrx_word' id='word_1_128' title='bbox 724 2092 864 2182; x_wconf 81' lang='grc' dir='ltr'><strong>ἀλλήλοις</strong></span> <span class='ocrx_word' id='word_1_129' title='bbox 889 2091 944 2160; x_wconf 88' lang='grc' dir='ltr'><strong>καί</strong></span> <span class='ocrx_word' id='word_1_130' title='bbox 965 2095 1154 2180; x_wconf 81' lang='grc' dir='ltr'><strong>συμπεφυκέ-</strong></span> 
     </span>
     <span class='ocr_line' id='line_1_16' title="bbox 84 2198 1155 2296; baseline -0.003 -20"><span class='ocrx_word' id='word_1_131' title='bbox 84 2232 137 2289; x_wconf 91' lang='grc' dir='ltr'><strong>ναι,</strong></span> <span class='ocrx_word' id='word_1_132' title='bbox 160 2207 373 2295; x_wconf 87' lang='grc' dir='ltr'><strong>διαμαρτάνει·</strong></span> <span class='ocrx_word' id='word_1_133' title='bbox 396 2207 530 2296; x_wconf 82' lang='grc' dir='ltr'><strong>καὶγὰρ</strong></span> <span class='ocrx_word' id='word_1_134' title='bbox 556 2248 594 2258; x_wconf 93' lang='lat'><strong>-—</strong></span> <span class='ocrx_word' id='word_1_135' title='bbox 618 2249 660 2258; x_wconf 90' lang='lat'><em>-</em></span> <span class='ocrx_word' id='word_1_136' title='bbox 690 2215 721 2275; x_wconf 77' lang='lat'><strong>4.</strong></span> <span class='ocrx_word' id='word_1_137' title='bbox 755 2209 782 2276; x_wconf 84' lang='grc' dir='ltr'><strong>εἰ</strong></span> <span class='ocrx_word' id='word_1_138' title='bbox 814 2205 840 2275; x_wconf 88' lang='grc' dir='ltr'><strong>δ’</strong></span> <span class='ocrx_word' id='word_1_139' title='bbox 865 2198 904 2276; x_wconf 80' lang='grc' dir='ltr'><strong>αὖ</strong></span> <span class='ocrx_word' id='word_1_140' title='bbox 920 2206 1010 2275; x_wconf 86' lang='grc' dir='ltr'><strong>πάλιν</strong></span> <span class='ocrx_word' id='word_1_141' title='bbox 1032 2207 1064 2287; x_wconf 81' lang='grc' dir='ltr'><strong>ἐξ</strong></span> <span class='ocrx_word' id='word_1_142' title='bbox 1086 2203 1155 2273; x_wconf 83' lang='grc' dir='ltr'><strong>όλον</strong></span> 
     </span>
     <span class='ocr_line' id='line_1_17' title="bbox 84 2317 1154 2411; baseline -0.004 -19"><span class='ocrx_word' id='word_1_143' title='bbox 84 2319 125 2411; x_wconf 83' lang='grc' dir='ltr'><strong>μή</strong></span> <span class='ocrx_word' id='word_1_144' title='bbox 148 2323 286 2409; x_wconf 87' lang='grc' dir='ltr'><strong>ἐνόμισεν</strong></span> <span class='ocrx_word' id='word_1_145' title='bbox 308 2317 323 2390; x_wconf 93' lang='lat'>5</span> <span class='ocrx_word' id='word_1_146' title='bbox 346 2323 504 2401; x_wconf 78' lang='grc' dir='ltr'><strong>Καικίλιος</strong></span> <span class='ocrx_word' id='word_1_147' title='bbox 525 2318 561 2390; x_wconf 81' lang='grc' dir='ltr'><strong>τὸ</strong></span> <span class='ocrx_word' id='word_1_148' title='bbox 584 2324 725 2410; x_wconf 72' lang='grc' dir='ltr'><strong>ἐμπαῖνίς</strong></span> <span class='ocrx_word' id='word_1_149' title='bbox 740 2325 780 2410; x_wconf 80' lang='lat'><strong>³⁹)</strong></span> <span class='ocrx_word' id='word_1_150' title='bbox 805 2321 848 2390; x_wconf 85' lang='grc' dir='ltr'><strong>τὰ</strong></span> <span class='ocrx_word' id='word_1_151' title='bbox 869 2319 934 2411; x_wconf 74' lang='grc' dir='ltr'><strong>ὕψη</strong></span> <span class='ocrx_word' id='word_1_152' title='bbox 956 2323 1033 2390; x_wconf 77' lang='grc' dir='ltr'><strong>ποτὲ</strong></span> <span class='ocrx_word' id='word_1_153' title='bbox 1054 2346 1154 2390; x_wconf 91' lang='grc' dir='ltr'><strong>συντε-</strong></span> 
     </span>
     <span class='ocr_line' id='line_1_18' title="bbox 85 2433 1154 2525; baseline 0 -21"><span class='ocrx_word' id='word_1_154' title='bbox 85 2441 150 2520; x_wconf 83' lang='grc' dir='ltr'><strong>λεῖν,</strong></span> <span class='ocrx_word' id='word_1_155' title='bbox 174 2437 233 2506; x_wconf 86' lang='grc' dir='ltr'><strong>καὶ</strong></span> <span class='ocrx_word' id='word_1_156' title='bbox 255 2436 307 2505; x_wconf 84' lang='grc' dir='ltr'><strong>διὰ</strong></span> <span class='ocrx_word' id='word_1_157' title='bbox 329 2435 406 2504; x_wconf 78' lang='grc' dir='ltr'><strong>τοῦτ’</strong></span> <span class='ocrx_word' id='word_1_158' title='bbox 434 2435 488 2524; x_wconf 79' lang='grc' dir='ltr'><strong>οὔχ</strong></span> <span class='ocrx_word' id='word_1_159' title='bbox 509 2433 649 2525; x_wconf 84' lang='grc' dir='ltr'><strong>ἡγήσατο</strong></span> <span class='ocrx_word' id='word_1_160' title='bbox 672 2436 795 2525; x_wconf 89' lang='grc' dir='ltr'><strong>μνήμης</strong></span> <span class='ocrx_word' id='word_1_161' title='bbox 817 2434 910 2521; x_wconf 77' lang='grc' dir='ltr'><strong>άξιον,</strong></span> <span class='ocrx_word' id='word_1_162' title='bbox 938 2435 1016 2506; x_wconf 86' lang='grc' dir='ltr'><strong>πάνυ</strong></span> <span class='ocrx_word' id='word_1_163' title='bbox 1045 2434 1154 2523; x_wconf 87' lang='grc' dir='ltr'><strong>διηπά-</strong></span> 
     </span>
     <span class='ocr_line' id='line_1_19' title="bbox 85 2559 338 2640; baseline 0 -20"><span class='ocrx_word' id='word_1_164' title='bbox 85 2579 181 2640; x_wconf 88' lang='grc' dir='ltr'><strong>τηται</strong></span> <span class='ocrx_word' id='word_1_165' title='bbox 205 2579 235 2620; x_wconf 93' lang='grc' dir='ltr'><strong>κ.</strong></span> <span class='ocrx_word' id='word_1_166' title='bbox 259 2559 338 2620; x_wconf 88' lang='grc' dir='ltr'><strong>τ.λ.</strong></span> 
     </span>
    </p>

    <p class='ocr_par' dir='ltr' id='par_1_3' title="bbox 84 2659 1157 3434">
     <span class='ocr_line' id='line_1_20' title="bbox 172 2659 1157 2756; baseline -0.004 -18"><span class='ocrx_word' id='word_1_167' title='bbox 172 2674 230 2738; x_wconf 75' lang='lat' dir='ltr'><strong>Fr.</strong></span> <span class='ocrx_word' id='word_1_168' title='bbox 253 2671 297 2734; x_wconf 79' lang='lat'><strong>45</strong></span> <span class='ocrx_word' id='word_1_169' title='bbox 320 2670 397 2737; x_wconf 90' lang='lat' dir='ltr'><strong>ibid.</strong></span> <span class='ocrx_word' id='word_1_170' title='bbox 423 2692 494 2755; x_wconf 86' lang='lat' dir='ltr'>cap.</span> <span class='ocrx_word' id='word_1_171' title='bbox 522 2674 543 2734; x_wconf 84' lang='grc'>4</span> <span class='ocrx_word' id='word_1_172' title='bbox 566 2671 700 2756; x_wconf 58' lang='grc' dir='ltr'><strong>δατέρον</strong></span> <span class='ocrx_word' id='word_1_173' title='bbox 729 2669 762 2736; x_wconf 81' lang='grc' dir='ltr'><strong>δὲ</strong></span> <span class='ocrx_word' id='word_1_174' title='bbox 792 2659 833 2735; x_wconf 80' lang='grc' dir='ltr'><strong>ὦν</strong></span> <span class='ocrx_word' id='word_1_175' title='bbox 863 2667 995 2754; x_wconf 80' lang='grc' dir='ltr'><strong>εἴπομεν,</strong></span> <span class='ocrx_word' id='word_1_176' title='bbox 1023 2670 1102 2754; x_wconf 82' lang='grc' dir='ltr'><strong>λέγω</strong></span> <span class='ocrx_word' id='word_1_177' title='bbox 1123 2667 1157 2734; x_wconf 84' lang='grc' dir='ltr'><strong>δὲ</strong></span> 
     </span>
     <span class='ocr_line' id='line_1_21' title="bbox 86 2777 1154 2873; baseline -0.002 -23"><span class='ocrx_word' id='word_1_178' title='bbox 86 2784 137 2852; x_wconf 74' lang='grc' dir='ltr'><strong>τοῦ</strong></span> <span class='ocrx_word' id='word_1_179' title='bbox 160 2782 289 2873; x_wconf 77' lang='grc' dir='ltr'><strong>ψυχροῦ,</strong></span> <span class='ocrx_word' id='word_1_180' title='bbox 311 2781 428 2870; x_wconf 80' lang='grc' dir='ltr'><strong>πλήρης</strong></span> <span class='ocrx_word' id='word_1_181' title='bbox 450 2778 466 2851; x_wconf 98' lang='lat'>5</span> <span class='ocrx_word' id='word_1_182' title='bbox 491 2784 630 2870; x_wconf 87' lang='grc' dir='ltr'><strong>Τίμαιος,</strong></span> <span class='ocrx_word' id='word_1_183' title='bbox 653 2779 729 2870; x_wconf 85' lang='grc' dir='ltr'><strong>ἀνήρ</strong></span> <span class='ocrx_word' id='word_1_184' title='bbox 751 2777 793 2849; x_wconf 83' lang='grc' dir='ltr'><strong>τὰ</strong></span> <span class='ocrx_word' id='word_1_185' title='bbox 817 2783 871 2869; x_wconf 81' lang='grc' dir='ltr'><strong>μὲν</strong></span> <span class='ocrx_word' id='word_1_186' title='bbox 893 2779 973 2850; x_wconf 87' lang='grc' dir='ltr'><strong>άλλα</strong></span> <span class='ocrx_word' id='word_1_187' title='bbox 995 2777 1098 2860; x_wconf 82' lang='grc' dir='ltr'><strong>ίκανός</strong></span> <span class='ocrx_word' id='word_1_188' title='bbox 1113 2823 1154 2832; x_wconf 92' lang='grc'>-</span> 
     </span>
     <span class='ocr_line' id='line_1_22' title="bbox 86 2893 1155 2986; baseline -0.002 -20"><span class='ocrx_word' id='word_1_189' title='bbox 86 2895 165 2986; x_wconf 80' lang='grc' dir='ltr'><strong>πλὴν</strong></span> <span class='ocrx_word' id='word_1_190' title='bbox 191 2898 357 2984; x_wconf 76' lang='grc' dir='ltr'><strong>ἀλλοτρίων</strong></span> <span class='ocrx_word' id='word_1_191' title='bbox 380 2899 434 2985; x_wconf 84' lang='grc' dir='ltr'><strong>μὲν</strong></span> <span class='ocrx_word' id='word_1_192' title='bbox 456 2897 717 2984; x_wconf 79' lang='grc' dir='ltr'><strong>ἐλεγκτοιιίτατος</strong></span> <span class='ocrx_word' id='word_1_193' title='bbox 745 2893 989 2985; x_wconf 79' lang='grc' dir='ltr'><strong>ἁμαρτημάτων,</strong></span> <span class='ocrx_word' id='word_1_194' title='bbox 1013 2895 1155 2964; x_wconf 83' lang='grc' dir='ltr'><strong>ἀνεπαίσ-</strong></span> 
     </span>
     <span class='ocr_line' id='line_1_23' title="bbox 84 3008 1157 3101; baseline -0.003 -20"><span class='ocrx_word' id='word_1_195' title='bbox 84 3017 189 3101; x_wconf 61' lang='grc' dir='ltr'><strong>δητος</strong></span> <span class='ocrx_word' id='word_1_196' title='bbox 210 3014 243 3081; x_wconf 84' lang='grc' dir='ltr'><strong>δὲ</strong></span> <span class='ocrx_word' id='word_1_197' title='bbox 266 3013 357 3094; x_wconf 81' lang='grc' dir='ltr'><strong>ἰδίων,</strong></span> <span class='ocrx_word' id='word_1_198' title='bbox 378 3008 435 3080; x_wconf 81' lang='grc' dir='ltr'><strong>ὑπὸ</strong></span> <span class='ocrx_word' id='word_1_199' title='bbox 459 3013 492 3080; x_wconf 79' lang='grc' dir='ltr'><strong>δὲ</strong></span> <span class='ocrx_word' id='word_1_200' title='bbox 514 3012 625 3101; x_wconf 77' lang='grc' dir='ltr'><strong>ἔρωτος</strong></span> <span class='ocrx_word' id='word_1_201' title='bbox 655 3010 708 3079; x_wconf 78' lang='grc' dir='ltr'><strong>τοῦ</strong></span> <span class='ocrx_word' id='word_1_202' title='bbox 732 3011 820 3092; x_wconf 81' lang='grc' dir='ltr'><strong>ξένας</strong></span> <span class='ocrx_word' id='word_1_203' title='bbox 848 3010 963 3099; x_wconf 86' lang='grc' dir='ltr'><strong>νοήσεις</strong></span> <span class='ocrx_word' id='word_1_204' title='bbox 990 3009 1039 3076; x_wconf 80' lang='grc' dir='ltr'><strong>ἀεὶ</strong></span> <span class='ocrx_word' id='word_1_205' title='bbox 1066 3019 1157 3078; x_wconf 86' lang='grc' dir='ltr'><strong>κινεῖν</strong></span> 
     </span>
     <span class='ocr_line' id='line_1_24' title="bbox 86 3124 1157 3215; baseline -0.003 -19"><span class='ocrx_word' id='word_1_206' title='bbox 86 3127 235 3206; x_wconf 84' lang='grc' dir='ltr'><strong>πολλάκις</strong></span> <span class='ocrx_word' id='word_1_207' title='bbox 256 3128 413 3195; x_wconf 79' lang='grc' dir='ltr'><strong>ἐκπίπτων</strong></span> <span class='ocrx_word' id='word_1_208' title='bbox 435 3129 478 3206; x_wconf 91' lang='grc' dir='ltr'><strong>είς</strong></span> <span class='ocrx_word' id='word_1_209' title='bbox 497 3124 533 3195; x_wconf 83' lang='grc' dir='ltr'><strong>τὸ</strong></span> <span class='ocrx_word' id='word_1_210' title='bbox 556 3130 860 3215; x_wconf 86' lang='grc' dir='ltr'><strong>παιδαριωδέστατον.</strong></span> <span class='ocrx_word' id='word_1_211' title='bbox 883 3126 1106 3214; x_wconf 68' lang='grc' dir='ltr'><strong>παραῖιήσομαι</strong></span> <span class='ocrx_word' id='word_1_212' title='bbox 1123 3127 1157 3194; x_wconf 83' lang='grc' dir='ltr'><strong>δὲ</strong></span> 
     </span>
     <span class='ocr_line' id='line_1_25' title="bbox 86 3236 1156 3330; baseline -0.003 -20"><span class='ocrx_word' id='word_1_213' title='bbox 86 3238 216 3330; x_wconf 81' lang='grc' dir='ltr'><strong>τάνδρός</strong></span> <span class='ocrx_word' id='word_1_214' title='bbox 238 3245 270 3308; x_wconf 80' lang='grc' dir='ltr'><strong>ἓν</strong></span> <span class='ocrx_word' id='word_1_215' title='bbox 291 3239 313 3329; x_wconf 84' lang='grc' dir='ltr'><strong>ή</strong></span> <span class='ocrx_word' id='word_1_216' title='bbox 336 3241 397 3323; x_wconf 80' lang='grc' dir='ltr'><strong>δίο,</strong></span> <span class='ocrx_word' id='word_1_217' title='bbox 415 3241 545 3329; x_wconf 78' lang='grc' dir='ltr'><strong>ἐπειδὴ</strong></span> <span class='ocrx_word' id='word_1_218' title='bbox 569 3239 616 3309; x_wconf 84' lang='grc' dir='ltr'><strong>τά</strong></span> <span class='ocrx_word' id='word_1_219' title='bbox 639 3242 754 3309; x_wconf 81' lang='grc' dir='ltr'><strong>πλείω</strong></span> <span class='ocrx_word' id='word_1_220' title='bbox 776 3244 992 3330; x_wconf 73' lang='grc' dir='ltr'><strong>προέλαβεν</strong></span> <span class='ocrx_word' id='word_1_221' title='bbox 1022 3236 1037 3309; x_wconf 82' lang='grc' dir='ltr'><strong>ιλ</strong></span> <span class='ocrx_word' id='word_1_222' title='bbox 1064 3246 1156 3309; x_wconf 88' lang='grc' dir='ltr'><strong>Και-</strong></span> 
     </span>
     <span class='ocr_line' id='line_1_26' title="bbox 87 3358 227 3434; baseline -0.007 -10"><span class='ocrx_word' id='word_1_223' title='bbox 87 3358 227 3434; x_wconf 88' lang='grc' dir='ltr'><strong>κίλιος.</strong></span> 
     </span>
    </p>

    <p class='ocr_par' dir='ltr' id='par_1_4' title="bbox 89 3465 1157 4116">
     <span class='ocr_line' id='line_1_27' title="bbox 178 3465 1155 3560; baseline -0.001 -21"><span class='ocrx_word' id='word_1_224' title='bbox 178 3476 231 3539; x_wconf 77' lang='lat' dir='ltr'><strong>Fr.</strong></span> <span class='ocrx_word' id='word_1_225' title='bbox 254 3475 298 3539; x_wconf 91' lang='grc'><strong>46</strong></span> <span class='ocrx_word' id='word_1_226' title='bbox 321 3475 398 3543; x_wconf 88' lang='lat' dir='ltr'><strong>ibid.</strong></span> <span class='ocrx_word' id='word_1_227' title='bbox 422 3495 494 3560; x_wconf 80' lang='lat' dir='ltr'><strong>cap.</strong></span> <span class='ocrx_word' id='word_1_228' title='bbox 519 3477 558 3540; x_wconf 88' lang='lat'><strong>31</strong></span> <span class='ocrx_word' id='word_1_229' title='bbox 584 3470 686 3557; x_wconf 78' lang='grc' dir='ltr'><strong>ταότη</strong></span> <span class='ocrx_word' id='word_1_230' title='bbox 708 3465 820 3538; x_wconf 81' lang='grc' dir='ltr'><strong>καὶτὸ</strong></span> <span class='ocrx_word' id='word_1_231' title='bbox 842 3469 897 3538; x_wconf 78' lang='grc' dir='ltr'><strong>τοῖν</strong></span> <span class='ocrx_word' id='word_1_232' title='bbox 916 3470 1098 3558; x_wconf 82' lang='grc' dir='ltr'><strong>Θεοπόμπου</strong></span> <span class='ocrx_word' id='word_1_233' title='bbox 1113 3511 1155 3521; x_wconf 91' lang='grc'>-</span> 
     </span>
     <span class='ocr_line' id='line_1_28' title="bbox 89 3582 1156 3673; baseline -0.001 -20"><span class='ocrx_word' id='word_1_234' title='bbox 89 3583 140 3653; x_wconf 83' lang='grc' dir='ltr'><strong>διὰ</strong></span> <span class='ocrx_word' id='word_1_235' title='bbox 162 3582 198 3653; x_wconf 84' lang='grc' dir='ltr'><strong>τὸ</strong></span> <span class='ocrx_word' id='word_1_236' title='bbox 221 3584 369 3672; x_wconf 80' lang='grc' dir='ltr'><strong>άνάλαμσν</strong></span> <span class='ocrx_word' id='word_1_237' title='bbox 391 3585 493 3673; x_wconf 66' lang='grc' dir='ltr'><strong>ἔμοιγε</strong></span> <span class='ocrx_word' id='word_1_238' title='bbox 519 3583 783 3673; x_wconf 86' lang='grc' dir='ltr'><strong>σημαντικιίτατα</strong></span> <span class='ocrx_word' id='word_1_239' title='bbox 811 3586 890 3672; x_wconf 79' lang='grc' dir='ltr'><strong>ἔχειν</strong></span> <span class='ocrx_word' id='word_1_240' title='bbox 919 3591 1009 3667; x_wconf 84' lang='grc' dir='ltr'><strong>δοκεῖ,</strong></span> <span class='ocrx_word' id='word_1_241' title='bbox 1038 3582 1055 3653; x_wconf 90' lang='lat'><strong>5&#39;</strong></span> <span class='ocrx_word' id='word_1_242' title='bbox 1087 3609 1156 3671; x_wconf 87' lang='grc' dir='ltr'><strong>περ</strong></span> 
     </span>
     <span class='ocr_line' id='line_1_29' title="bbox 89 3695 1157 3789; baseline -0.001 -22"><span class='ocrx_word' id='word_1_243' title='bbox 89 3695 104 3767; x_wconf 93' lang='lat'>5</span> <span class='ocrx_word' id='word_1_244' title='bbox 134 3700 348 3780; x_wconf 86' lang='grc' dir='ltr'><strong>Καικίλιος</strong></span> <span class='ocrx_word' id='word_1_245' title='bbox 377 3699 444 3768; x_wconf 81' lang='grc' dir='ltr'><strong>οὐκ</strong></span> <span class='ocrx_word' id='word_1_246' title='bbox 466 3695 526 3768; x_wconf 80' lang='grc' dir='ltr'><strong>οἶδ’</strong></span> <span class='ocrx_word' id='word_1_247' title='bbox 557 3696 663 3779; x_wconf 77' lang='grc' dir='ltr'><strong>ὅπως</strong></span> <span class='ocrx_word' id='word_1_248' title='bbox 690 3704 1015 3789; x_wconf 80' lang='grc' dir='ltr'><strong>καταμέμφεται</strong></span> <span class='ocrx_word' id='word_1_249' title='bbox 1046 3695 1157 3782; x_wconf 76' lang='grc' dir='ltr'><strong>,δεινὸς</strong></span> 
     </span>
     <span class='ocr_line' id='line_1_30' title="bbox 91 3809 1152 3906; baseline -0.004 -22"><span class='ocrx_word' id='word_1_250' title='bbox 91 3815 141 3899; x_wconf 76' lang='grc' dir='ltr'><strong>όν,</strong></span> <span class='ocrx_word' id='word_1_251' title='bbox 164 3817 266 3906; x_wconf 85' lang='grc' dir='ltr'><strong>φησίν,</strong></span> <span class='ocrx_word' id='word_1_252' title='bbox 288 3810 304 3883; x_wconf 88' lang='lat'>5</span> <span class='ocrx_word' id='word_1_253' title='bbox 327 3817 478 3894; x_wconf 85' lang='grc' dir='ltr'><strong>Φίλιππος</strong></span> <span class='ocrx_word' id='word_1_254' title='bbox 501 3815 756 3903; x_wconf 83' lang='grc' dir='ltr'><strong>άναγκοφαγήσαι</strong></span> <span class='ocrx_word' id='word_1_255' title='bbox 776 3815 974 3902; x_wconf 86' lang='grc' dir='ltr'><strong>πράγματα“.</strong></span> <span class='ocrx_word' id='word_1_256' title='bbox 1004 3812 1085 3882; x_wconf 77' lang='grc' dir='ltr'><strong>ἔστιν</strong></span> <span class='ocrx_word' id='word_1_257' title='bbox 1108 3809 1152 3899; x_wconf 78' lang='grc' dir='ltr'><strong>ἄρ’</strong></span> 
     </span>
     <span class='ocr_line' id='line_1_31' title="bbox 90 3925 1157 4018; baseline -0.006 -19"><span class='ocrx_word' id='word_1_258' title='bbox 90 3927 105 4000; x_wconf 93' lang='lat'>5</span> <span class='ocrx_word' id='word_1_259' title='bbox 129 3927 302 4018; x_wconf 83' lang='grc' dir='ltr'><strong>ίδιωτιομὸς</strong></span> <span class='ocrx_word' id='word_1_260' title='bbox 323 3931 418 3999; x_wconf 90' lang='grc' dir='ltr'><strong>ἐνίοτε</strong></span> <span class='ocrx_word' id='word_1_261' title='bbox 441 3929 495 3998; x_wconf 74' lang='grc' dir='ltr'><strong>τοῦ</strong></span> <span class='ocrx_word' id='word_1_262' title='bbox 518 3929 632 4018; x_wconf 86' lang='grc' dir='ltr'><strong>κόσμου</strong></span> <span class='ocrx_word' id='word_1_263' title='bbox 655 3925 740 4018; x_wconf 83' lang='grc' dir='ltr'><strong>παρὰ</strong></span> <span class='ocrx_word' id='word_1_264' title='bbox 762 3925 837 3997; x_wconf 78' lang='grc' dir='ltr'><strong>πολὺ</strong></span> <span class='ocrx_word' id='word_1_265' title='bbox 865 3927 1157 4018; x_wconf 83' lang='grc' dir='ltr'><strong>ἐμφανιστικότερον</strong></span> 
     </span>
     <span class='ocr_line' id='line_1_32' title="bbox 90 4054 220 4116; baseline -0.008 0"><span class='ocrx_word' id='word_1_266' title='bbox 90 4075 118 4116; x_wconf 89' lang='grc' dir='ltr'><strong>κ</strong></span> <span class='ocrx_word' id='word_1_267' title='bbox 140 4074 170 4116; x_wconf 92' lang='grc' dir='ltr'><strong>τ.</strong></span> <span class='ocrx_word' id='word_1_268' title='bbox 191 4054 220 4115; x_wconf 79' lang='grc' dir='ltr'><strong>λ</strong></span> 
     </span>
    </p>
   </div>
   <div class='ocr_carea' id='block_1_3' title="bbox 94 4165 302 4179">
    <p class='ocr_par' dir='ltr' id='par_1_5' title="bbox 94 4165 302 4179">
     <span class='ocr_line' id='line_1_33' title="bbox 94 4165 302 4179; baseline -0.01 0"><span class='ocrx_word' id='word_1_269' title='bbox 94 4165 302 4179; x_wconf 51' lang='grc' dir='ltr'><strong><em>Μ</em></strong></span> 
     </span>
    </p>
   </div>
   <div class='ocr_carea' id='block_1_4' title="bbox 162 4211 996 4286">
    <p class='ocr_par' dir='ltr' id='par_1_6' title="bbox 162 4211 996 4286">
     <span class='ocr_line' id='line_1_34' title="bbox 162 4211 996 4286; baseline -0.012 -13"><span class='ocrx_word' id='word_1_270' title='bbox 162 4219 196 4286; x_wconf 82' lang='lat'><strong>⁸⁹)</strong></span> <span class='ocrx_word' id='word_1_271' title='bbox 217 4216 335 4272; x_wconf 77' lang='lat' dir='ltr'><strong>Videtur</strong></span> <span class='ocrx_word' id='word_1_272' title='bbox 353 4215 500 4286; x_wconf 86' lang='lat' dir='ltr'>legendum</span> <span class='ocrx_word' id='word_1_273' title='bbox 520 4229 586 4269; x_wconf 84' lang='grc' dir='ltr'><strong>εεεε</strong></span> <span class='ocrx_word' id='word_1_274' title='bbox 605 4213 645 4271; x_wconf 81' lang='grc' dir='ltr'><strong>εἰς</strong></span> <span class='ocrx_word' id='word_1_275' title='bbox 664 4213 699 4266; x_wconf 78' lang='grc' dir='ltr'><strong>τὰ</strong></span> <span class='ocrx_word' id='word_1_276' title='bbox 715 4211 776 4285; x_wconf 79' lang='grc' dir='ltr'><strong>δ’ψη</strong></span> <span class='ocrx_word' id='word_1_277' title='bbox 797 4242 827 4252; x_wconf 48' lang='grc' dir='ltr'><strong>-ω</strong></span> <span class='ocrx_word' id='word_1_278' title='bbox 848 4212 996 4265; x_wconf 76' lang='grc' dir='ltr'><strong>συντελεῖν.</strong></span> 
     </span>
    </p>
   </div>
   <div class='ocr_carea' id='block_1_5' title="bbox 0 0 1446 4946">
    <p class='ocr_par' dir='ltr' id='par_1_7' title="bbox 0 0 1446 4946">
     <span class='ocr_line' id='line_1_35' title="bbox 0 0 1446 4946; baseline 0 0"><span class='ocrx_word' id='word_1_279' title='bbox 0 0 1446 4946; x_wconf 95' lang='lat' dir='ltr'><strong> </strong></span> 
     </span>
    </p>
   </div>
  </div>
 </body>
</html>
