2872 4946
678 425 897 488 ..16-

262 605 387 688 reiciam
401 599 572 687 ἐπιτήδειον
593 601 725 687 (oppos.
740 596 893 680 ταπεινὸν,
914 595 1068 685 αἱσχρὸν);
1090 620 1165 686 cap.
1178 602 1219 666 16
1231 597 1328 686 μόρια

263 720 323 804 1¹²1<
344 713 454 794 λέξεως
483 712 616 801 εὔφωναι
633 711 689 780 καὶ
715 712 952 801 καλλιῤῥήμονσ,
1004 712 1062 779 Ad
1101 715 1183 782 talia
1219 715 1327 802 igitur

264 828 437 918 (ὀνομάτων
467 827 597 916 ἐκλογὴν
625 829 786 895 dicebant
811 829 900 894 hano
928 829 1009 895 artis
1031 831 1177 915 portem)
1206 828 1326 898 anci·

263 948 347 1014 lium
370 952 543 1033 spectasse
570 944 760 1031 putaverim
790 950 921 1030 partem
949 964 1066 1010 earum
1094 966 1207 1011 rerum
1234 951 1329 1011 trac·

262 1068 404 1144 tantem,
433 1082 518 1149 quas
542 1081 658 1126 omnes
681 1060 717 1124 in
741 1059 828 1125 libro
851 1055 920 1144 περὶ
940 1056 1036 1146 ὕψους
1060 1060 1118 1145 (de
1134 1080 1201 1148 quo
1216 1060 1327 1146 infra)

264 1177 464 1264 complexus
488 1181 551 1258 est,
574 1175 678 1240 etita
701 1174 848 1262 quidem,
870 1179 909 1239 ut
927 1194 972 1241 ex
988 1174 1110 1241 Atticis
1132 1175 1326 1241 oratoribus

264 1311 353 1380 quae
376 1289 547 1356 vocabula
569 1287 851 1376 καλλιῤῥημοσύνης
875 1296 1002 1373 essent,
1026 1310 1113 1378 quae
1135 1291 1247 1356 minus
1272 1310 1325 1356 es·

265 1411 356 1489 sent,
388 1423 476 1492 quae
511 1405 554 1470 ab
584 1404 775 1470 oratoribus
800 1411 895 1491 apte,
926 1425 1014 1494 quae
1040 1405 1327 1472 inconvenienter

263 1522 440 1604 innovata,
460 1539 548 1607 quae
562 1519 743 1602 cotidiana,
767 1540 854 1607 quae
871 1520 1062 1588 inveterata
1077 1520 1247 1588 vocabula
1264 1519 1325 1586 ad-

264 1637 375 1702 hibita
399 1642 523 1718 essent,
547 1634 697 1700 doceret.
743 1634 818 1700 Hac
843 1637 931 1700 enim
954 1636 1086 1702 ratione
1108 1636 1182 1701 fieri
1202 1635 1325 1722 potuit,

265 1758 305 1819 ut
328 1752 428 1817 etiam
448 1772 489 1816 ea
508 1750 689 1833 vocabula,
713 1770 803 1838 qnae
818 1751 931 1836 potius
947 1751 1228 1838 interpretatione
1246 1770 1325 1838 ege·

265 1872 359 1949 rent,
390 1888 491 1954 qnam
522 1885 609 1954 quac
635 1871 775 1952 propter
813 1865 921 1930 solam
952 1867 1142 1932 venustatis
1178 1867 1326 1953 speciem

266 1981 535 2048 commendanda
562 1986 692 2063 essent,
727 1985 905 2066 tractaret3
938 1981 1054 2070 qualia
1086 1981 1186 2050 nobis
1215 2001 1326 2069 pauca

264 2098 408 2166 tradunt
430 2095 664 2186 lexicographi
687 2095 745 2182 (fr.
768 2097 924 2182 25-28).

679 2344 890 2358 ω

357 2537 443 2604 Tum
473 2539 510 2602 in
543 2537 670 2603 eisdem
697 2537 845 2624 scriptis,
876 2556 964 2623 quae
996 2536 1039 2602 ad
1061 2535 1213 2602 Atticum
1244 2539 1325 2603 seri·

267 2654 372 2721 bcndi
406 2674 517 2740 genus
547 2652 738 2740 pertinent,
774 2651 1005 2717 numerandus
1040 2658 1092 2716 est
1130 2652 1270 2718 libellus
1306 2675 1326 2718 a

267 2769 373 2836 Suida
397 2769 534 2852 allatus,
563 2774 714 2835 ceterum
737 2768 834 2832 nobis
856 2768 1016 2854 ignotus:
1042 2765 1117 2832 τίνι
1142 2769 1327 2854 διαφέρει

266 2881 480 2961 ὁἈττικὸς
509 2887 616 2972 ζῆλος
647 2887 710 2950 τοῦ
742 2879 932 2949 Ἀσιανοῦ.
990 2883 1053 2948 Oui
1088 2903 1170 2947 num
1208 2882 1325 2947 similis

266 3000 381 3083 fuerit,
413 3020 512 3087 quem
539 2996 642 3065 κατὰ
668 3000 821 3083 Φρυγῶν
843 2995 872 3076 β’
900 2998 1054 3064 inscribit
1080 2995 1170 3060 idem
1194 2994 1320 3060 lexico-

266 3116 436 3203 graphus,
471 3114 652 3180 admodum
681 3113 848 3178 incertum
879 3119 946 3197 est3
982 3111 1151 3178 Mirllerus
1188 3109 1325 3197 quidem

266 3231 403 3318 (irgm.)
434 3236 553 3296 contra
580 3228 727 3296 Asianos
754 3227 911 3293 rhetores
943 3228 1105 3314 scriptum
1132 3225 1240 3292 fuisse
1269 3248 1324 3291 su·

267 3346 425 3434 spicatur.

354 3459 512 3547 Denique
535 3458 570 3523 in
597 3456 727 3524 scholio
750 3456 910 3523 Plautino
933 3457 1059 3524 codicis
1076 3455 1233 3523 Vaticani
1256 3455 1326 3541 (ed.

268 3575 414 3641 Ritschl.
438 3575 474 3640 in
497 3573 723 3639 Alexandrin.
746 3571 836 3637 Bibl.
858 3593 891 3658 p.
915 3573 965 3657 3):
991 3571 1153 3651 „Caecius
1176 3571 1212 3636 in
1234 3590 1325 3636 com·

267 3697 382 3757 mento
407 3690 656 3757 comoediarum
678 3687 938 3774 Aristophanis“
969 3686 1095 3752 Caecili
1125 3705 1249 3750 nomen
1272 3704 1324 3751 re·

271 3805 482 3874 stituendum
507 3825 582 3871 esse
605 3805 665 3872 vix
687 3803 895 3890 putaverim3
918 3823 997 3867 nam
1019 3821 1062 3867 ne
1085 3801 1231 3889 vestigia
1253 3800 1327 3888 qui·

269 3921 345 3988 dem
375 3921 540 4007 indagare
572 3941 726 4006 possum,
763 3919 887 4006 quibus
917 3917 1009 3983 hunc
1036 3916 1210 3982 rhetorem
1241 3914 1327 3980 elios

268 4057 370 4125 quam
394 4056 516 4124 prosae
539 4035 699 4102 orationis
724 4034 905 4120 scriptores
929 4032 1084 4119 attigisse
1107 4032 1271 4118 suspicer.

689 4285 901 4297 ————-
